@ARTICLE{2024arXiv240202015O,
       author = {{Onken}, Christopher A. and {Wolf}, Christian and {Bessell}, Michael S. and {Chang}, Seo-Won and {Luvaul}, Lance C. and {Tonry}, John L. and {White}, Marc C. and {Da Costa}, Gary S.},
        title = "{SkyMapper Southern Survey: Data Release 4}",
      journal = {arXiv e-prints},
     keywords = {Astrophysics - Cosmology and Nongalactic Astrophysics, Astrophysics - Astrophysics of Galaxies, Astrophysics - Instrumentation and Methods for Astrophysics, Astrophysics - Solar and Stellar Astrophysics},
         year = 2024,
        month = feb,
          eid = {arXiv:2402.02015},
        pages = {arXiv:2402.02015},
          doi = {10.48550/arXiv.2402.02015},
archivePrefix = {arXiv},
       eprint = {2402.02015},
 primaryClass = {astro-ph.CO},
       adsurl = {https://ui.adsabs.harvard.edu/abs/2024arXiv240202015O},
      adsnote = {Provided by the SAO/NASA Astrophysics Data System}
}


%2MASS --> used
@ARTICLE{2006AJ....131.1163S,
   author = {{Skrutskie}, M.~F. and {Cutri}, R.~M. and {Stiening}, R. and 
	{Weinberg}, M.~D. and {Schneider}, S. and {Carpenter}, J.~M. and 
	{Beichman}, C. and {Capps}, R. and {Chester}, T. and {Elias}, J. and 
	{Huchra}, J. and {Liebert}, J. and {Lonsdale}, C. and {Monet}, D.~G. and 
	{Price}, S. and {Seitzer}, P. and {Jarrett}, T. and {Kirkpatrick}, J.~D. and 
	{Gizis}, J.~E. and {Howard}, E. and {Evans}, T. and {Fowler}, J. and 
	{Fullmer}, L. and {Hurt}, R. and {Light}, R. and {Kopan}, E.~L. and 
	{Marsh}, K.~A. and {McCallon}, H.~L. and {Tam}, R. and {Van Dyk}, S. and 
	{Wheelock}, S.},
    title = "{The Two Micron All Sky Survey (2MASS)}",
  journal = {\aj},
 keywords = {Catalogs, Infrared: General, Surveys},
     year = 2006,
    month = feb,
   volume = 131,
    pages = {1163-1183},
      doi = {10.1086/498708},
   adsurl = {http://adsabs.harvard.edu/abs/2006AJ....131.1163S},
  adsnote = {Provided by the SAO/NASA Astrophysics Data System}
}


% Carlsberg
@ARTICLE{2002A&A...395..347E,
   author = {{Evans}, D.~W. and {Irwin}, M.~J. and {Helmer}, L.},
    title = "{The Carlsberg Meridian Telescope CCD drift scan survey}",
  journal = {\aap},
   eprint = {astro-ph/0209184},
 keywords = {astrometry, methods: data analysis, techniques: image processing, techniques: photometric, catalogues, surveys},
     year = 2002,
    month = nov,
   volume = 395,
    pages = {347-356},
      doi = {10.1051/0004-6361:20021285},
   adsurl = {http://adsabs.harvard.edu/abs/2002A%26A...395..347E},
  adsnote = {Provided by the SAO/NASA Astrophysics Data System}
}


% GLIMPSE / Spitzer IRAC
@ARTICLE{2003PASP..115..953B,
   author = {{Benjamin}, R.~A. and {Churchwell}, E. and {Babler}, B.~L. and 
	{Bania}, T.~M. and {Clemens}, D.~P. and {Cohen}, M. and {Dickey}, J.~M. and 
	{Indebetouw}, R. and {Jackson}, J.~M. and {Kobulnicky}, H.~A. and 
	{Lazarian}, A. and {Marston}, A.~P. and {Mathis}, J.~S. and 
	{Meade}, M.~R. and {Seager}, S. and {Stolovy}, S.~R. and {Watson}, C. and 
	{Whitney}, B.~A. and {Wolff}, M.~J. and {Wolfire}, M.~G.},
    title = "{GLIMPSE. I. An SIRTF Legacy Project to Map the Inner Galaxy}",
  journal = {\pasp},
   eprint = {astro-ph/0306274},
 keywords = {Galaxy: Stellar Content, Galaxy: Structure, infrared: general, infrared: stars, ISM: General, Surveys, Stars: General},
     year = 2003,
    month = aug,
   volume = 115,
    pages = {953-964},
      doi = {10.1086/376696},
   adsurl = {http://adsabs.harvard.edu/abs/2003PASP..115..953B},
  adsnote = {Provided by the SAO/NASA Astrophysics Data System}
}

@ARTICLE{2009PASP..121..213C,
   author = {{Churchwell}, E. and {Babler}, B.~L. and {Meade}, M.~R. and 
	{Whitney}, B.~A. and {Benjamin}, R. and {Indebetouw}, R. and 
	{Cyganowski}, C. and {Robitaille}, T.~P. and {Povich}, M. and 
	{Watson}, C. and {Bracker}, S.},
    title = "{The Spitzer/GLIMPSE Surveys: A New View of the Milky Way}",
  journal = {\pasp},
 keywords = {IYA Review},
     year = 2009,
    month = mar,
   volume = 121,
    pages = {213-230},
      doi = {10.1086/597811},
   adsurl = {http://adsabs.harvard.edu/abs/2009PASP..121..213C},
  adsnote = {Provided by the SAO/NASA Astrophysics Data System}
}


% VST photometric Halpha survey; u/Halpha/i observations
@ARTICLE{2014MNRAS.440.2036D,
   author = {{Drew}, J.~E. and {Gonzalez-Solares}, E. and {Greimel}, R. and 
	{Irwin}, M.~J. and {K{\"u}pc{\"u} Yoldas}, A. and {Lewis}, J. and 
	{Barentsen}, G. and {Eisl{\"o}ffel}, J. and {Farnhill}, H.~J. and 
	{Martin}, W.~E. and {Walsh}, J.~R. and {Walton}, N.~A. and {Mohr-Smith}, M. and 
	{Raddi}, R. and {Sale}, S.~E. and {Wright}, N.~J. and {Groot}, P. and 
	{Barlow}, M.~J. and {Corradi}, R.~L.~M. and {Drake}, J.~J. and 
	{Fabregat}, J. and {Frew}, D.~J. and {G{\"a}nsicke}, B.~T. and 
	{Knigge}, C. and {Mampaso}, A. and {Morris}, R.~A.~H. and {Naylor}, T. and 
	{Parker}, Q.~A. and {Phillipps}, S. and {Ruhland}, C. and {Steeghs}, D. and 
	{Unruh}, Y.~C. and {Vink}, J.~S. and {Wesson}, R. and {Zijlstra}, A.~A.
	},
    title = "{The VST Photometric H{$\alpha$} Survey of the Southern Galactic Plane and Bulge (VPHAS+)}",
  journal = {\mnras},
archivePrefix = "arXiv",
   eprint = {1402.7024},
 keywords = {surveys, stars: general, H II regions, planetary nebulae: general, Galaxy: bulge, Galaxy: disc},
     year = 2014,
    month = may,
   volume = 440,
    pages = {2036-3058},
      doi = {10.1093/mnras/stu394},
   adsurl = {http://adsabs.harvard.edu/abs/2014MNRAS.440.2036D},
  adsnote = {Provided by the SAO/NASA Astrophysics Data System}
}


% GAIA DR3
@ARTICLE{2023A&A...674A...1G,
       author = {{Gaia Collaboration} and {Vallenari}, A. and {Brown}, A.~G.~A. and {Prusti}, T. and {de Bruijne}, J.~H.~J. and {Arenou}, F. and {Babusiaux}, C. and {Biermann}, M. and {Creevey}, O.~L. and {Ducourant}, C. and {Evans}, D.~W. and {Eyer}, L. and {Guerra}, R. and {Hutton}, A. and {Jordi}, C. and {Klioner}, S.~A. and {Lammers}, U.~L. and {Lindegren}, L. and {Luri}, X. and {Mignard}, F. and {Panem}, C. and {Pourbaix}, D. and {Randich}, S. and {Sartoretti}, P. and {Soubiran}, C. and {Tanga}, P. and {Walton}, N.~A. and {Bailer-Jones}, C.~A.~L. and {Bastian}, U. and {Drimmel}, R. and {Jansen}, F. and {Katz}, D. and {Lattanzi}, M.~G. and {van Leeuwen}, F. and {Bakker}, J. and {Cacciari}, C. and {Casta{\~n}eda}, J. and {De Angeli}, F. and {Fabricius}, C. and {Fouesneau}, M. and {Fr{\'e}mat}, Y. and {Galluccio}, L. and {Guerrier}, A. and {Heiter}, U. and {Masana}, E. and {Messineo}, R. and {Mowlavi}, N. and {Nicolas}, C. and {Nienartowicz}, K. and {Pailler}, F. and {Panuzzo}, P. and {Riclet}, F. and {Roux}, W. and {Seabroke}, G.~M. and {Sordo}, R. and {Th{\'e}venin}, F. and {Gracia-Abril}, G. and {Portell}, J. and {Teyssier}, D. and {Altmann}, M. and {Andrae}, R. and {Audard}, M. and {Bellas-Velidis}, I. and {Benson}, K. and {Berthier}, J. and {Blomme}, R. and {Burgess}, P.~W. and {Busonero}, D. and {Busso}, G. and {C{\'a}novas}, H. and {Carry}, B. and {Cellino}, A. and {Cheek}, N. and {Clementini}, G. and {Damerdji}, Y. and {Davidson}, M. and {de Teodoro}, P. and {Nu{\~n}ez Campos}, M. and {Delchambre}, L. and {Dell'Oro}, A. and {Esquej}, P. and {Fern{\'a}ndez-Hern{\'a}ndez}, J. and {Fraile}, E. and {Garabato}, D. and {Garc{\'\i}a-Lario}, P. and {Gosset}, E. and {Haigron}, R. and {Halbwachs}, J. -L. and {Hambly}, N.~C. and {Harrison}, D.~L. and {Hern{\'a}ndez}, J. and {Hestroffer}, D. and {Hodgkin}, S.~T. and {Holl}, B. and {Jan{\ss}en}, K. and {Jevardat de Fombelle}, G. and {Jordan}, S. and {Krone-Martins}, A. and {Lanzafame}, A.~C. and {L{\"o}ffler}, W. and {Marchal}, O. and {Marrese}, P.~M. and {Moitinho}, A. and {Muinonen}, K. and {Osborne}, P. and {Pancino}, E. and {Pauwels}, T. and {Recio-Blanco}, A. and {Reyl{\'e}}, C. and {Riello}, M. and {Rimoldini}, L. and {Roegiers}, T. and {Rybizki}, J. and {Sarro}, L.~M. and {Siopis}, C. and {Smith}, M. and {Sozzetti}, A. and {Utrilla}, E. and {van Leeuwen}, M. and {Abbas}, U. and {{\'A}brah{\'a}m}, P. and {Abreu Aramburu}, A. and {Aerts}, C. and {Aguado}, J.~J. and {Ajaj}, M. and {Aldea-Montero}, F. and {Altavilla}, G. and {{\'A}lvarez}, M.~A. and {Alves}, J. and {Anders}, F. and {Anderson}, R.~I. and {Anglada Varela}, E. and {Antoja}, T. and {Baines}, D. and {Baker}, S.~G. and {Balaguer-N{\'u}{\~n}ez}, L. and {Balbinot}, E. and {Balog}, Z. and {Barache}, C. and {Barbato}, D. and {Barros}, M. and {Barstow}, M.~A. and {Bartolom{\'e}}, S. and {Bassilana}, J. -L. and {Bauchet}, N. and {Becciani}, U. and {Bellazzini}, M. and {Berihuete}, A. and {Bernet}, M. and {Bertone}, S. and {Bianchi}, L. and {Binnenfeld}, A. and {Blanco-Cuaresma}, S. and {Blazere}, A. and {Boch}, T. and {Bombrun}, A. and {Bossini}, D. and {Bouquillon}, S. and {Bragaglia}, A. and {Bramante}, L. and {Breedt}, E. and {Bressan}, A. and {Brouillet}, N. and {Brugaletta}, E. and {Bucciarelli}, B. and {Burlacu}, A. and {Butkevich}, A.~G. and {Buzzi}, R. and {Caffau}, E. and {Cancelliere}, R. and {Cantat-Gaudin}, T. and {Carballo}, R. and {Carlucci}, T. and {Carnerero}, M.~I. and {Carrasco}, J.~M. and {Casamiquela}, L. and {Castellani}, M. and {Castro-Ginard}, A. and {Chaoul}, L. and {Charlot}, P. and {Chemin}, L. and {Chiaramida}, V. and {Chiavassa}, A. and {Chornay}, N. and {Comoretto}, G. and {Contursi}, G. and {Cooper}, W.~J. and {Cornez}, T. and {Cowell}, S. and {Crifo}, F. and {Cropper}, M. and {Crosta}, M. and {Crowley}, C. and {Dafonte}, C. and {Dapergolas}, A. and {David}, M. and {David}, P. and {de Laverny}, P. and {De Luise}, F. and {De March}, R. and {De Ridder}, J. and {de Souza}, R. and {de Torres}, A. and {del Peloso}, E.~F. and {del Pozo}, E. and {Delbo}, M. and {Delgado}, A. and {Delisle}, J. -B. and {Demouchy}, C. and {Dharmawardena}, T.~E. and {Di Matteo}, P. and {Diakite}, S. and {Diener}, C. and {Distefano}, E. and {Dolding}, C. and {Edvardsson}, B. and {Enke}, H. and {Fabre}, C. and {Fabrizio}, M. and {Faigler}, S. and {Fedorets}, G. and {Fernique}, P. and {Fienga}, A. and {Figueras}, F. and {Fournier}, Y. and {Fouron}, C. and {Fragkoudi}, F. and {Gai}, M. and {Garcia-Gutierrez}, A. and {Garcia-Reinaldos}, M. and {Garc{\'\i}a-Torres}, M. and {Garofalo}, A. and {Gavel}, A. and {Gavras}, P. and {Gerlach}, E. and {Geyer}, R. and {Giacobbe}, P. and {Gilmore}, G. and {Girona}, S. and {Giuffrida}, G. and {Gomel}, R. and {Gomez}, A. and {Gonz{\'a}lez-N{\'u}{\~n}ez}, J. and {Gonz{\'a}lez-Santamar{\'\i}a}, I. and {Gonz{\'a}lez-Vidal}, J.~J. and {Granvik}, M. and {Guillout}, P. and {Guiraud}, J. and {Guti{\'e}rrez-S{\'a}nchez}, R. and {Guy}, L.~P. and {Hatzidimitriou}, D. and {Hauser}, M. and {Haywood}, M. and {Helmer}, A. and {Helmi}, A. and {Sarmiento}, M.~H. and {Hidalgo}, S.~L. and {Hilger}, T. and {H{\l}adczuk}, N. and {Hobbs}, D. and {Holland}, G. and {Huckle}, H.~E. and {Jardine}, K. and {Jasniewicz}, G. and {Jean-Antoine Piccolo}, A. and {Jim{\'e}nez-Arranz}, {\'O}. and {Jorissen}, A. and {Juaristi Campillo}, J. and {Julbe}, F. and {Karbevska}, L. and {Kervella}, P. and {Khanna}, S. and {Kontizas}, M. and {Kordopatis}, G. and {Korn}, A.~J. and {K{\'o}sp{\'a}l}, {\'A}. and {Kostrzewa-Rutkowska}, Z. and {Kruszy{\'n}ska}, K. and {Kun}, M. and {Laizeau}, P. and {Lambert}, S. and {Lanza}, A.~F. and {Lasne}, Y. and {Le Campion}, J. -F. and {Lebreton}, Y. and {Lebzelter}, T. and {Leccia}, S. and {Leclerc}, N. and {Lecoeur-Taibi}, I. and {Liao}, S. and {Licata}, E.~L. and {Lindstr{\o}m}, H.~E.~P. and {Lister}, T.~A. and {Livanou}, E. and {Lobel}, A. and {Lorca}, A. and {Loup}, C. and {Madrero Pardo}, P. and {Magdaleno Romeo}, A. and {Managau}, S. and {Mann}, R.~G. and {Manteiga}, M. and {Marchant}, J.~M. and {Marconi}, M. and {Marcos}, J. and {Marcos Santos}, M.~M.~S. and {Mar{\'\i}n Pina}, D. and {Marinoni}, S. and {Marocco}, F. and {Marshall}, D.~J. and {Martin Polo}, L. and {Mart{\'\i}n-Fleitas}, J.~M. and {Marton}, G. and {Mary}, N. and {Masip}, A. and {Massari}, D. and {Mastrobuono-Battisti}, A. and {Mazeh}, T. and {McMillan}, P.~J. and {Messina}, S. and {Michalik}, D. and {Millar}, N.~R. and {Mints}, A. and {Molina}, D. and {Molinaro}, R. and {Moln{\'a}r}, L. and {Monari}, G. and {Mongui{\'o}}, M. and {Montegriffo}, P. and {Montero}, A. and {Mor}, R. and {Mora}, A. and {Morbidelli}, R. and {Morel}, T. and {Morris}, D. and {Muraveva}, T. and {Murphy}, C.~P. and {Musella}, I. and {Nagy}, Z. and {Noval}, L. and {Oca{\~n}a}, F. and {Ogden}, A. and {Ordenovic}, C. and {Osinde}, J.~O. and {Pagani}, C. and {Pagano}, I. and {Palaversa}, L. and {Palicio}, P.~A. and {Pallas-Quintela}, L. and {Panahi}, A. and {Payne-Wardenaar}, S. and {Pe{\~n}alosa Esteller}, X. and {Penttil{\"a}}, A. and {Pichon}, B. and {Piersimoni}, A.~M. and {Pineau}, F. -X. and {Plachy}, E. and {Plum}, G. and {Poggio}, E. and {Pr{\v{s}}a}, A. and {Pulone}, L. and {Racero}, E. and {Ragaini}, S. and {Rainer}, M. and {Raiteri}, C.~M. and {Rambaux}, N. and {Ramos}, P. and {Ramos-Lerate}, M. and {Re Fiorentin}, P. and {Regibo}, S. and {Richards}, P.~J. and {Rios Diaz}, C. and {Ripepi}, V. and {Riva}, A. and {Rix}, H. -W. and {Rixon}, G. and {Robichon}, N. and {Robin}, A.~C. and {Robin}, C. and {Roelens}, M. and {Rogues}, H.~R.~O. and {Rohrbasser}, L. and {Romero-G{\'o}mez}, M. and {Rowell}, N. and {Royer}, F. and {Ruz Mieres}, D. and {Rybicki}, K.~A. and {Sadowski}, G. and {S{\'a}ez N{\'u}{\~n}ez}, A. and {Sagrist{\`a} Sell{\'e}s}, A. and {Sahlmann}, J. and {Salguero}, E. and {Samaras}, N. and {Sanchez Gimenez}, V. and {Sanna}, N. and {Santove{\~n}a}, R. and {Sarasso}, M. and {Schultheis}, M. and {Sciacca}, E. and {Segol}, M. and {Segovia}, J.~C. and {S{\'e}gransan}, D. and {Semeux}, D. and {Shahaf}, S. and {Siddiqui}, H.~I. and {Siebert}, A. and {Siltala}, L. and {Silvelo}, A. and {Slezak}, E. and {Slezak}, I. and {Smart}, R.~L. and {Snaith}, O.~N. and {Solano}, E. and {Solitro}, F. and {Souami}, D. and {Souchay}, J. and {Spagna}, A. and {Spina}, L. and {Spoto}, F. and {Steele}, I.~A. and {Steidelm{\"u}ller}, H. and {Stephenson}, C.~A. and {S{\"u}veges}, M. and {Surdej}, J. and {Szabados}, L. and {Szegedi-Elek}, E. and {Taris}, F. and {Taylor}, M.~B. and {Teixeira}, R. and {Tolomei}, L. and {Tonello}, N. and {Torra}, F. and {Torra}, J. and {Torralba Elipe}, G. and {Trabucchi}, M. and {Tsounis}, A.~T. and {Turon}, C. and {Ulla}, A. and {Unger}, N. and {Vaillant}, M.~V. and {van Dillen}, E. and {van Reeven}, W. and {Vanel}, O. and {Vecchiato}, A. and {Viala}, Y. and {Vicente}, D. and {Voutsinas}, S. and {Weiler}, M. and {Wevers}, T. and {Wyrzykowski}, {\L}. and {Yoldas}, A. and {Yvard}, P. and {Zhao}, H. and {Zorec}, J. and {Zucker}, S. and {Zwitter}, T.},
        title = "{Gaia Data Release 3. Summary of the content and survey properties}",
      journal = {\aap},
     keywords = {techniques: photometric, techniques: spectroscopic, techniques: radial velocities, catalogs, astrometry, parallaxes, Astrophysics - Astrophysics of Galaxies},
         year = 2023,
        month = jun,
       volume = {674},
          eid = {A1},
        pages = {A1},
          doi = {10.1051/0004-6361/202243940},
archivePrefix = {arXiv},
       eprint = {2208.00211},
 primaryClass = {astro-ph.GA},
       adsurl = {https://ui.adsabs.harvard.edu/abs/2023A&A...674A...1G},
      adsnote = {Provided by the SAO/NASA Astrophysics Data System}
}



@ARTICLE{1989ApJ...345..245C,
       author = {{Cardelli}, Jason A. and {Clayton}, Geoffrey C. and {Mathis}, John S.},
        title = "{The Relationship between Infrared, Optical, and Ultraviolet Extinction}",
      journal = {\apj},
     keywords = {Infrared Spectra, Interstellar Extinction, Ultraviolet Spectra, Visible Spectrum, Computational Astrophysics, Interstellar Matter, Iue, Astrophysics, INTERSTELLAR: MATTER, ULTRAVIOLET: SPECTRA},
         year = 1989,
        month = oct,
       volume = {345},
        pages = {245},
          doi = {10.1086/167900},
       adsurl = {https://ui.adsabs.harvard.edu/abs/1989ApJ...345..245C},
      adsnote = {Provided by the SAO/NASA Astrophysics Data System}
}



@ARTICLE{2013A&A...553A...6H,
       author = {{Husser}, T. -O. and {Wende-von Berg}, S. and {Dreizler}, S. and {Homeier}, D. and {Reiners}, A. and {Barman}, T. and {Hauschildt}, P.~H.},
        title = "{A new extensive library of PHOENIX stellar atmospheres and synthetic spectra}",
      journal = {\aap},
     keywords = {stars: atmospheres, convection, stars: late-type, Astrophysics - Solar and Stellar Astrophysics},
         year = 2013,
        month = may,
       volume = {553},
          eid = {A6},
        pages = {A6},
          doi = {10.1051/0004-6361/201219058},
archivePrefix = {arXiv},
       eprint = {1303.5632},
 primaryClass = {astro-ph.SR},
       adsurl = {https://ui.adsabs.harvard.edu/abs/2013A&A...553A...6H},
      adsnote = {Provided by the SAO/NASA Astrophysics Data System}
}

@ARTICLE{1997ApJ...483..390H,
       author = {{Hauschildt}, Peter H. and {Baron}, E. and {Allard}, France},
        title = "{Parallel Implementation of the PHOENIX Generalized Stellar Atmosphere Program}",
      journal = {\apj},
     keywords = {Methods: Numerical, Radiative Transfer, Stars: Atmospheres, Astrophysics},
         year = 1997,
        month = jul,
       volume = {483},
       number = {1},
        pages = {390-398},
          doi = {10.1086/304233},
archivePrefix = {arXiv},
       eprint = {astro-ph/9607087},
 primaryClass = {astro-ph},
       adsurl = {https://ui.adsabs.harvard.edu/abs/1997ApJ...483..390H},
      adsnote = {Provided by the SAO/NASA Astrophysics Data System}
}


@ARTICLE{2001ApJS..136..417Y,
   author = {{Yi}, S. and {Demarque}, P. and {Kim}, Y.-C. and {Lee}, Y.-W. and 
	{Ree}, C.~H. and {Lejeune}, T. and {Barnes}, S.},
    title = "{Toward Better Age Estimates for Stellar Populations: The Y$^2$ Isochrones for Solar Mixture}",
  journal = {\apjs},
   eprint = {arXiv:astro-ph/0104292},
 keywords = {Cosmology: Theory, Galaxy: Globular Clusters: General, Stars: Abundances, Stars: Evolution, Stars: Interiors},
     year = 2001,
    month = oct,
   volume = 136,
    pages = {417-437},
      doi = {10.1086/321795},
   adsurl = {http://adsabs.harvard.edu/abs/2001ApJS..136..417Y},
  adsnote = {Provided by the SAO/NASA Astrophysics Data System}
}

@ARTICLE{2002ApJS..143..499K,
   author = {{Kim}, Y.-C. and {Demarque}, P. and {Yi}, S.~K. and {Alexander}, D.~R.
	},
    title = "{The Y$^2$ Isochrones for {$\alpha$}-Element Enhanced Mixtures}",
  journal = {\apjs},
   eprint = {arXiv:astro-ph/0208175},
 keywords = {Galaxy: Globular Clusters: General, Nuclear Reactions, Nucleosynthesis, Abundances, Stars: Abundances, Stars: Evolution, Stars: Interiors},
     year = 2002,
    month = dec,
   volume = 143,
    pages = {499-511},
      doi = {10.1086/343041},
   adsurl = {http://adsabs.harvard.edu/abs/2002ApJS..143..499K},
  adsnote = {Provided by the SAO/NASA Astrophysics Data System}
}


@ARTICLE{Shappee14,
       author = {{Shappee}, B.~J. and {Prieto}, J.~L. and {Grupe}, D. and {Kochanek}, C.~S. and {Stanek}, K.~Z. and {De Rosa}, G. and {Mathur}, S. and {Zu}, Y. and {Peterson}, B.~M. and {Pogge}, R.~W. and {Komossa}, S. and {Im}, M. and {Jencson}, J. and {Holoien}, T.~W. -S. and {Basu}, U. and {Beacom}, J.~F. and {Szczygie{\l}}, D.~M. and {Brimacombe}, J. and {Adams}, S. and {Campillay}, A. and {Choi}, C. and {Contreras}, C. and {Dietrich}, M. and {Dubberley}, M. and {Elphick}, M. and {Foale}, S. and {Giustini}, M. and {Gonzalez}, C. and {Hawkins}, E. and {Howell}, D.~A. and {Hsiao}, E.~Y. and {Koss}, M. and {Leighly}, K.~M. and {Morrell}, N. and {Mudd}, D. and {Mullins}, D. and {Nugent}, J.~M. and {Parrent}, J. and {Phillips}, M.~M. and {Pojmanski}, G. and {Rosing}, W. and {Ross}, R. and {Sand}, D. and {Terndrup}, D.~M. and {Valenti}, S. and {Walker}, Z. and {Yoon}, Y.},
        title = "{The Man behind the Curtain: X-Rays Drive the UV through NIR Variability in the 2013 Active Galactic Nucleus Outburst in NGC 2617}",
      journal = {\apj},
     keywords = {galaxies: active, galaxies: nuclei, galaxies: Seyfert, line: formation, line: profiles, Astrophysics - High Energy Astrophysical Phenomena, Astrophysics - Cosmology and Nongalactic Astrophysics},
         year = 2014,
        month = jun,
       volume = {788},
       number = {1},
          eid = {48},
        pages = {48},
          doi = {10.1088/0004-637X/788/1/48},
archivePrefix = {arXiv},
       eprint = {1310.2241},
 primaryClass = {astro-ph.HE},
       adsurl = {https://ui.adsabs.harvard.edu/abs/2014ApJ...788...48S},
      adsnote = {Provided by the SAO/NASA Astrophysics Data System}
}



@ARTICLE{Rodriguez16,
       author = {{Rodriguez}, Joseph E. and {Stassun}, Keivan G. and {Lund}, Michael B. and {Siverd}, Robert J. and {Pepper}, Joshua and {Tang}, Sumin and {Kafka}, Stella and {Gaudi}, B. Scott and {Conroy}, Kyle E. and {Beatty}, Thomas G. and {Stevens}, Daniel J. and {Shappee}, Benjamin J. and {Kochanek}, Christopher S.},
        title = "{An Extreme Analogue of ɛ Aurigae: An M-giant Eclipsed Every 69 Years by a Large Opaque Disk Surrounding a Small Hot Source}",
      journal = {\aj},
     keywords = {binaries: eclipsing, circumstellar matter, stars: AGB and post-AGB, stars: individual: TYC 2505-672-1, stars: massive, Astrophysics - Solar and Stellar Astrophysics},
         year = 2016,
        month = may,
       volume = {151},
       number = {5},
          eid = {123},
        pages = {123},
          doi = {10.3847/0004-6256/151/5/123},
archivePrefix = {arXiv},
       eprint = {1601.00135},
 primaryClass = {astro-ph.SR},
       adsurl = {https://ui.adsabs.harvard.edu/abs/2016AJ....151..123R},
      adsnote = {Provided by the SAO/NASA Astrophysics Data System}
}

@ARTICLE{Carroll91,
       author = {{Carroll}, Sean M. and {Guinan}, Edward F. and {McCook}, George P. and {Donahue}, Robert A.},
        title = "{Interpreting Epsilon Aurigae}",
      journal = {\apj},
     keywords = {Auriga Constellation, Cool Stars, Eclipsing Binary Stars, Light Curve, Stellar Mass Accretion, Supergiant Stars, Astronomical Photometry, Mass Transfer, Milky Way Galaxy, Stellar Atmospheres, Astrophysics},
         year = 1991,
        month = jan,
       volume = {367},
        pages = {278},
          doi = {10.1086/169626},
       adsurl = {https://ui.adsabs.harvard.edu/abs/1991ApJ...367..278C},
      adsnote = {Provided by the SAO/NASA Astrophysics Data System}
}



@ARTICLE{Osborn17,
   author = {{Osborn}, H.~P. and {Rodriguez}, J.~E. and {Kenworthy}, M.~A. and 
	{Kennedy}, G.~M. and {Mamajek}, E.~E. and {Robinson}, C.~E. and 
	{Espaillat}, C.~C. and {Armstrong}, D.~J. and {Shappee}, B.~J. and 
	{Bieryla}, A. and {Latham}, D.~W. and {Anderson}, D.~R. and 
	{Beatty}, T.~G. and {Berlind}, P. and {Calkins}, M.~L. and {Esquerdo}, G.~A. and 
	{Gaudi}, B.~S. and {Hellier}, C. and {Holoien}, T.~W.-S. and 
	{James}, D. and {Kochanek}, C.~S. and {Kuhn}, R.~B. and {Lund}, M.~B. and 
	{Pepper}, J. and {Pollacco}, D.~L. and {Prieto}, J.~L. and {Siverd}, R.~J. and 
	{Stassun}, K.~G. and {Stevens}, D.~J. and {Stanek}, K.~Z. and 
	{West}, R.~G.},
    title = "{Periodic eclipses of the young star PDS 110 discovered with WASP and KELT photometry}",
  journal = {\mnras},
archivePrefix = "arXiv",
   eprint = {1705.10346},
 primaryClass = "astro-ph.EP",
 keywords = {protoplanetary discs, circumstellar matter, stars: individual: PDS 110, stars: pre-main-sequence, stars: variables: T Tauri, Herbig Ae/Be},
     year = 2017,
    month = oct,
   volume = 471,
    pages = {740-749},
      doi = {10.1093/mnras/stx1249},
   adsurl = {http://adsabs.harvard.edu/abs/2017MNRAS.471..740O},
  adsnote = {Provided by the SAO/NASA Astrophysics Data System}
}

@INPROCEEDINGS{Rodriguez15,
       author = {{Rodriguez}, Joseph E. and {Pepper}, Joshua and {Stassun}, Keivan G.},
        title = "{First Results from the Disk Eclipse Search with KELT (DESK) Survey}",
     keywords = {Circumstellar Matter, Individual Stars: RW Aur, Individual Stars: AA Tau, Individual Stars: V409 Tau, Pre-main Sequence, Stars: Variables: T Tauri, Astrophysics - Solar and Stellar Astrophysics},
    booktitle = {Young Stars \& Planets Near the Sun},
         year = 2016,
       editor = {{Kastner}, J.~H. and {Stelzer}, B. and {Metchev}, S.~A.},
       volume = {314},
        month = jan,
        pages = {167-170},
          doi = {10.1017/S1743921315005931},
archivePrefix = {arXiv},
       eprint = {1509.04351},
 primaryClass = {astro-ph.SR},
       adsurl = {https://ui.adsabs.harvard.edu/abs/2016IAUS..314..167R},
      adsnote = {Provided by the SAO/NASA Astrophysics Data System}
}

@ARTICLE{Lucas24,
       author = {{Lucas}, P.~W. and {Smith}, L.~C. and {Guo}, Z. and {Contreras Pe{\~n}a}, C. and {Minniti}, D. and {Miller}, N. and {Alonso-Garc{\'\i}a}, J. and {Catelan}, M. and {Borissova}, J. and {Saito}, R.~K. and et al.},
        title = "{The most variable VVV sources: eruptive protostars, dipping giants in the nuclear disc and others}",
      journal = {\mnras},
     keywords = {stars: pre-main sequence, stars: protostars, stars: variables: T Tauri, Herbig Ae/Be, infrared: stars - stars: mass-loss - stars: AGB and post-AGB, Astrophysics - Solar and Stellar Astrophysics, Astrophysics - Astrophysics of Galaxies},
         year = 2024,
        month = feb,
       volume = {528},
       number = {2},
        pages = {1789-1822},
          doi = {10.1093/mnras/stad3929},
archivePrefix = {arXiv},
       eprint = {2401.14471},
 primaryClass = {astro-ph.SR},
       adsurl = {https://ui.adsabs.harvard.edu/abs/2024MNRAS.528.1789L},
      adsnote = {Provided by the SAO/NASA Astrophysics Data System}
}




@ARTICLE{Mamajek12,
   author = {{Mamajek}, E.~E. and {Quillen}, A.~C. and {Pecaut}, M.~J.
and 
    {Moolekamp}, F. and {Scott}, E.~L. and {Kenworthy}, M.~A. and 
    {Collier Cameron}, A. and {Parley}, N.~R.},
    title = "{Planetary Construction Zones in Occultation: Discovery of
an Extrasolar Ring System Transiting a Young Sun-like Star and Future
Prospects for Detecting Eclipses by Circumsecondary and Circumplanetary
Disks}",
  journal = {\aj},
archivePrefix = "arXiv",
   eprint = {1108.4070},
 primaryClass = "astro-ph.SR",
 keywords = {binaries: eclipsing, planetary systems, planets and
satellites: formation, planets and satellites: rings, stars: individual:
1SWASP J140747.93{\ndash}394542.6 ASAS J140748{\ndash}3945.7, stars:
pre-main sequence},
     year = 2012,
    month = mar,
   volume = 143,
      eid = {72},
    pages = {72},
      doi = {10.1088/0004-6256/143/3/72},
   adsurl = {http://adsabs.harvard.edu/abs/2012AJ....143...72M},
  adsnote = {Provided by the SAO/NASA Astrophysics Data System}
}

@ARTICLE{Hodapp24,
       author = {{Hodapp}, Klaus W. and {Gaidos}, Eric and {Kenworthy}, Matthew A. and {Tucker}, Michael and {Shappee}, Benjamin J. and {Payne}, Anna V. and {Do}, Aaron},
        title = "{An Episode of Occultation Events in Gaia21bcv}",
      journal = {\aj},
     keywords = {Pre-main sequence stars, Debris disks, Occulting disks, Transits, 1290, 363, 1149, 1711, Astrophysics - Solar and Stellar Astrophysics},
         year = 2024,
        month = feb,
       volume = {167},
       number = {2},
          eid = {85},
        pages = {85},
          doi = {10.3847/1538-3881/ad1931},
archivePrefix = {arXiv},
       eprint = {2312.16367},
 primaryClass = {astro-ph.SR},
       adsurl = {https://ui.adsabs.harvard.edu/abs/2024AJ....167...85H},
      adsnote = {Provided by the SAO/NASA Astrophysics Data System}
}



@ARTICLE{Rowan21,
       author = {{Rowan}, D.~M. and {Stanek}, K.~Z. and {Way}, Z. and {Kochanek}, C.~S. and {Jayasinghe}, T. and {Thompson}, Todd A. and {Barker}, H. and {Hambsch}, F. -J. and {Bohlsen}, T. and {Kafka}, Stella and et al.},
        title = "{ASASSN-21co: A Detached Eclipsing Binary with an 11.9 yr Period}",
      journal = {Research Notes of the American Astronomical Society},
     keywords = {Eclipsing binary stars, Variable stars, Sky surveys, 444, 1761, 1464, Astrophysics - Solar and Stellar Astrophysics},
         year = 2021,
        month = jun,
       volume = {5},
       number = {6},
          eid = {147},
        pages = {147},
          doi = {10.3847/2515-5172/ac0c83},
archivePrefix = {arXiv},
       eprint = {2107.00662},
 primaryClass = {astro-ph.SR},
       adsurl = {https://ui.adsabs.harvard.edu/abs/2021RNAAS...5..147R},
      adsnote = {Provided by the SAO/NASA Astrophysics Data System}
}



@ARTICLE{Smith21,
       author = {{Smith}, Leigh C. and {Koposov}, Sergey E. and {Lucas}, Philip W. and {Sanders}, Jason L. and {Minniti}, Dante and {Udalski}, Andrzej and {Evans}, N. Wyn and {Aguado}, David and {Ivanov}, Valentin D. and {Saito}, Roberto K. and {Fraga}, Luciano and {Pietrukowicz}, Pawel and {Penoyre}, Zephyr and {Gonz{\'a}lez-Fern{\'a}ndez}, Carlos},
        title = "{VVV-WIT-08: the giant star that blinked}",
      journal = {\mnras},
     keywords = {binaries: eclipsing, stars: individual: epsilon Aur, stars: individual: TYC 2505-672-1, stars: individual: ASASSN-21co, stars: peculiar, Astrophysics - Solar and Stellar Astrophysics},
         year = 2021,
        month = aug,
       volume = {505},
       number = {2},
        pages = {1992-2008},
          doi = {10.1093/mnras/stab1211},
archivePrefix = {arXiv},
       eprint = {2106.05300},
 primaryClass = {astro-ph.SR},
       adsurl = {https://ui.adsabs.harvard.edu/abs/2021MNRAS.505.1992S},
      adsnote = {Provided by the SAO/NASA Astrophysics Data System}
}


@ARTICLE{Lipunov16,
       author = {{Lipunov}, V. and {Gorbovskoy}, E. and {Afanasiev}, V. and {Tatarnikova}, A. and {Denisenko}, D. and {Makarov}, D. and {Tiurina}, N. and {Krushinsky}, V. and {Vinokurov}, A. and {Balanutsa}, P. and et al.},
        title = "{Discovery of an unusual bright eclipsing binary with the longest known period: TYC 2505-672-1/MASTER OT J095310.04+335352.8}",
      journal = {\aap},
     keywords = {binaries: eclipsing, surveys, binaries: close, stars: individual: MASTER OT J095310.04+335352.8 (TYC 2505-672-1), Astrophysics - Solar and Stellar Astrophysics},
         year = 2016,
        month = apr,
       volume = {588},
          eid = {A90},
        pages = {A90},
          doi = {10.1051/0004-6361/201526528},
archivePrefix = {arXiv},
       eprint = {1602.06010},
 primaryClass = {astro-ph.SR},
       adsurl = {https://ui.adsabs.harvard.edu/abs/2016A&A...588A..90L},
      adsnote = {Provided by the SAO/NASA Astrophysics Data System}
}


@ARTICLE{Tzanidakis23,
       author = {{Tzanidakis}, Anastasios and {Davenport}, James R.~A. and {Bellm}, Eric C. and {Wang}, Yuankun},
        title = "{Gaia17bpp: A Giant Star with the Deepest and Longest Known Dimming Event}",
      journal = {\apj},
     keywords = {Stellar occultation, Binary stars, Peculiar variable stars, 2135, 154, 1202, Astrophysics - Solar and Stellar Astrophysics, Astrophysics - Astrophysics of Galaxies},
         year = 2023,
        month = sep,
       volume = {955},
       number = {1},
          eid = {69},
        pages = {69},
          doi = {10.3847/1538-4357/aceda7},
archivePrefix = {arXiv},
       eprint = {2306.12409},
 primaryClass = {astro-ph.SR},
       adsurl = {https://ui.adsabs.harvard.edu/abs/2023ApJ...955...69T},
      adsnote = {Provided by the SAO/NASA Astrophysics Data System}
}



@ARTICLE{Kochanek17,
       author = {{Kochanek}, C.~S. and {Shappee}, B.~J. and {Stanek}, K.~Z. and {Holoien}, T.~W. -S. and {Thompson}, Todd A. and {Prieto}, J.~L. and {Dong}, Subo and {Shields}, J.~V. and {Will}, D. and {Britt}, C. and {Perzanowski}, D. and {Pojma{\'n}ski}, G.},
        title = "{The All-Sky Automated Survey for Supernovae (ASAS-SN) Light Curve Server v1.0}",
      journal = {\pasp},
     keywords = {Astrophysics - Solar and Stellar Astrophysics, Astrophysics - Instrumentation and Methods for Astrophysics},
         year = 2017,
        month = oct,
       volume = {129},
       number = {980},
        pages = {104502},
          doi = {10.1088/1538-3873/aa80d9},
archivePrefix = {arXiv},
       eprint = {1706.07060},
 primaryClass = {astro-ph.SR},
       adsurl = {https://ui.adsabs.harvard.edu/abs/2017PASP..129j4502K},
      adsnote = {Provided by the SAO/NASA Astrophysics Data System}
}

@ARTICLE{2003ApJS..144..259Y,
   author = {{Yi}, S.~K. and {Kim}, Y.-C. and {Demarque}, P.},
    title = "{The Y$^2$ Stellar Evolutionary Tracks}",
  journal = {\apjs},
   eprint = {arXiv:astro-ph/0210201},
 keywords = {Galaxy: Globular Clusters: General, Stars: Abundances, Stars: Evolution, Stars: Interiors},
     year = 2003,
    month = feb,
   volume = 144,
    pages = {259-261},
      doi = {10.1086/345101},
   adsurl = {http://adsabs.harvard.edu/abs/2003ApJS..144..259Y},
  adsnote = {Provided by the SAO/NASA Astrophysics Data System}
}

@ARTICLE{2004ApJS..155..667D,
   author = {{Demarque}, P. and {Woo}, J.-H. and {Kim}, Y.-C. and {Yi}, S.~K.
	},
    title = "{Y$^2$ Isochrones with an Improved Core Overshoot Treatment}",
  journal = {\apjs},
 keywords = {Convection, Stars: Evolution, Stars: Interiors},
     year = 2004,
    month = dec,
   volume = 155,
    pages = {667-674},
      doi = {10.1086/424966},
   adsurl = {http://adsabs.harvard.edu/abs/2004ApJS..155..667D},
  adsnote = {Provided by the SAO/NASA Astrophysics Data System}
}

@ARTICLE{1998A&A...337..403B,
   author = {{Baraffe}, I. and {Chabrier}, G. and {Allard}, F. and {Hauschildt}, P.~H.
	},
    title = "{Evolutionary models for solar metallicity low-mass stars: mass-magnitude relationships and color-magnitude diagrams}",
  journal = {\aap},
   eprint = {arXiv:astro-ph/9805009},
 keywords = {STARS: LOW-MASS, BROWN DWARFS, STARS: EVOLUTION, STARS: HERTZSPRUNG-RUSSEL (HR) AND C-M DIAGRAMS, STARS: INTERIORS, STARS: ATMOSPHERES},
     year = 1998,
    month = sep,
   volume = 337,
    pages = {403-412},
   adsurl = {http://adsabs.harvard.edu/abs/1998A%26A...337..403B},
  adsnote = {Provided by the SAO/NASA Astrophysics Data System}
}

@ARTICLE{2002A&A...391..195G,
   author = {{Girardi}, L. and {Bertelli}, G. and {Bressan}, A. and {Chiosi}, C. and 
	{Groenewegen}, M.~A.~T. and {Marigo}, P. and {Salasnich}, B. and 
	{Weiss}, A.},
    title = "{Theoretical isochrones in several photometric systems. I. Johnson-Cousins-Glass, HST/WFPC2, HST/NICMOS, Washington, and ESO Imaging Survey filter sets}",
  journal = {\aap},
   eprint = {arXiv:astro-ph/0205080},
 keywords = {stars: fundamental parameters, Hertzprung-Russell (HR) and C-M diagrams},
     year = 2002,
    month = aug,
   volume = 391,
    pages = {195-212},
      doi = {10.1051/0004-6361:20020612},
   adsurl = {http://adsabs.harvard.edu/abs/2002A%26A...391..195G},
  adsnote = {Provided by the SAO/NASA Astrophysics Data System}
}

@ARTICLE{Kurucz1979,
   author = {{Kurucz}, R.~L.},
    title = "{Model atmospheres for G, F, A, B, and O stars}",
  journal = {\apjs},
     year = 1979,
    month = may,
   volume = 40,
    pages = {1-340},
   adsurl = {http://adsabs.harvard.edu/cgi-bin/nph-bib_query?bibcode=1979ApJS...40....1K&amp;db_key=AST},
  adsnote = {Provided by the NASA Astrophysics Data System}
}


@INPROCEEDINGS{1992IAUS..149..225K,
   author = {{Kurucz}, R.~L.},
    title = "{Model Atmospheres for Population Synthesis}",
booktitle = {IAU Symp. 149: The Stellar Populations of Galaxies},
     year = 1992,
    pages = {225-+},
   adsurl =
{http://adsabs.harvard.edu/cgi-bin/nph-bib_query?bibcode=1992IAUS..149..225K&amp;db
_key=AST},
  adsnote = {Provided by the NASA Astrophysics Data System}
}

@ARTICLE{1994KurCD..19.....K,
   author = {{Kurucz}, R.},
    title = "{Solar abundance model atmospheres for 0,1,2,4,8 km/s.}",
  journal = {Solar abundance model atmospheres for 0,1,2,4,8 km/s.~Kurucz CD-ROM
No.~19.~ Cambridge, Mass.: Smithsonian Astrophysical Observatory, 1994.},
     year = 1994,
   volume = 19,
   adsurl =
{http://adsabs.harvard.edu/cgi-bin/nph-bib_query?bibcode=1994KurCD..19.....K&amp;db
_key=AST},
  adsnote = {Provided by the NASA Astrophysics Data System}
}



@INPROCEEDINGS{2003IAUS..211..325A,
       author = {{Allard}, France and {Guillot}, Tristan and {Ludwig}, Hans-G{\"u}nter and {Hauschildt}, Peter H. and {Schweitzer}, Andreas and {Alexander}, David R. and {Ferguson}, Jason W.},
        title = "{Model Atmospheres and Spectra: The Role of Dust}",
    booktitle = {Brown Dwarfs},
         year = 2003,
       editor = {{Mart{\'\i}n}, Eduardo},
       volume = {211},
        month = jun,
        pages = {325},
       adsurl = {https://ui.adsabs.harvard.edu/abs/2003IAUS..211..325A},
      adsnote = {Provided by the SAO/NASA Astrophysics Data System}
}
@MISC{2015ascl.soft01012K,
       author = {{Kenworthy}, Matthew A. and {Mamajek}, Eric E.},
        title = "{Exorings: Exoring modelling software}",
     keywords = {Software},
 howpublished = {Astrophysics Source Code Library, record ascl:1501.012},
         year = 2015,
        month = jan,
          eid = {ascl:1501.012},
        pages = {ascl:1501.012},
archivePrefix = {ascl},
       eprint = {1501.012},
       adsurl = {https://ui.adsabs.harvard.edu/abs/2015ascl.soft01012K},
      adsnote = {Provided by the SAO/NASA Astrophysics Data System}
}


@ARTICLE{2007A&A...474L..21A,
       author = {{Allard}, F. and {Allard}, N.~F. and {Homeier}, D. and {Kielkopf}, J. and {McCaughrean}, M.~J. and {Spiegelman}, F.},
        title = "{K-H$_{2}$ quasi-molecular absorption detected in the T-dwarf \textbackslashvarepsilon Indi Ba}",
      journal = {\aap},
     keywords = {stars: low-mass, brown dwarfs, stars: atmospheres, line: profiles, Astrophysics},
         year = 2007,
        month = nov,
       volume = {474},
       number = {2},
        pages = {L21-L24},
          doi = {10.1051/0004-6361:20078362},
archivePrefix = {arXiv},
       eprint = {0709.1192},
 primaryClass = {astro-ph},
       adsurl = {https://ui.adsabs.harvard.edu/abs/2007A&A...474L..21A},
      adsnote = {Provided by the SAO/NASA Astrophysics Data System}
}
@INPROCEEDINGS{2011ASPC..448...91A,
       author = {{Allard}, F. and {Homeier}, D. and {Freytag}, B.},
        title = "{Model Atmospheres From Very Low Mass Stars to Brown Dwarfs}",
     keywords = {Astrophysics - Solar and Stellar Astrophysics},
    booktitle = {16th Cambridge Workshop on Cool Stars, Stellar Systems, and the Sun},
         year = 2011,
       editor = {{Johns-Krull}, Christopher and {Browning}, Matthew K. and {West}, Andrew A.},
       series = {Astronomical Society of the Pacific Conference Series},
       volume = {448},
        month = dec,
        pages = {91},
          doi = {10.48550/arXiv.1011.5405},
archivePrefix = {arXiv},
       eprint = {1011.5405},
 primaryClass = {astro-ph.SR},
       adsurl = {https://ui.adsabs.harvard.edu/abs/2011ASPC..448...91A},
      adsnote = {Provided by the SAO/NASA Astrophysics Data System}
}

@ARTICLE{2012RSPTA.370.2765A,
       author = {{Allard}, F. and {Homeier}, D. and {Freytag}, B.},
        title = "{Models of very-low-mass stars, brown dwarfs and exoplanets}",
      journal = {Philosophical Transactions of the Royal Society of London Series A},
     keywords = {Astrophysics - Solar and Stellar Astrophysics},
         year = 2012,
        month = jun,
       volume = {370},
       number = {1968},
        pages = {2765-2777},
          doi = {10.1098/rsta.2011.0269},
archivePrefix = {arXiv},
       eprint = {1112.3591},
 primaryClass = {astro-ph.SR},
       adsurl = {https://ui.adsabs.harvard.edu/abs/2012RSPTA.370.2765A},
      adsnote = {Provided by the SAO/NASA Astrophysics Data System}
}
@ARTICLE{2013MSAIS..24..128A,
       author = {{Allard}, F. and {Homeier}, D. and {Freytag}, B. and {Schaffenberger}, W. and {Rajpurohit}, A.~S.},
        title = "{Progress in modeling very low mass stars, brown dwarfs, and planetary mass objects.}",
      journal = {Memorie della Societa Astronomica Italiana Supplementi},
     keywords = {Stars: atmospheres, M dwarfs, Brown Dwarfs, Extrasolar Planets, Astrophysics - Solar and Stellar Astrophysics},
         year = 2013,
        month = jan,
       volume = {24},
        pages = {128},
          doi = {10.48550/arXiv.1302.6559},
archivePrefix = {arXiv},
       eprint = {1302.6559},
 primaryClass = {astro-ph.SR},
       adsurl = {https://ui.adsabs.harvard.edu/abs/2013MSAIS..24..128A},
      adsnote = {Provided by the SAO/NASA Astrophysics Data System}
}

@ARTICLE{2009ARA&A..47..481A,
       author = {{Asplund}, Martin and {Grevesse}, Nicolas and {Sauval}, A. Jacques and {Scott}, Pat},
        title = "{The Chemical Composition of the Sun}",
      journal = {\araa},
     keywords = {Astrophysics - Solar and Stellar Astrophysics, Astrophysics - Earth and Planetary Astrophysics},
         year = 2009,
        month = sep,
       volume = {47},
       number = {1},
        pages = {481-522},
          doi = {10.1146/annurev.astro.46.060407.145222},
archivePrefix = {arXiv},
       eprint = {0909.0948},
 primaryClass = {astro-ph.SR},
       adsurl = {https://ui.adsabs.harvard.edu/abs/2009ARA&A..47..481A},
      adsnote = {Provided by the SAO/NASA Astrophysics Data System}
}









@ARTICLE{Luger2021,
       author = { {Luger}, Rodrigo and {Bedell}, Megan and {Foreman-Mackey}, Daniel and {Crossfield}, Ian J.~M. and {Zhao}, Lily L. and {Hogg}, David W.},
        title = "{Mapping stellar surfaces III: An Efficient, Scalable, and Open-Source Doppler Imaging Model}",
      journal = {arXiv e-prints},
     keywords = {Astrophysics - Solar and Stellar Astrophysics, Astrophysics - Earth and Planetary Astrophysics, Astrophysics - Instrumentation and Methods for Astrophysics},
         year = 2021,
        month = oct,
          eid = {arXiv:2110.06271},
        pages = {arXiv:2110.06271},
archivePrefix = {arXiv},
       eprint = {2110.06271},
 primaryClass = {astro-ph.SR},
       adsurl = {https://ui.adsabs.harvard.edu/abs/2021arXiv211006271L},
      adsnote = {Provided by the SAO/NASA Astrophysics Data System}
}

@article{article,
  author  = {Author, Author}, 
  title   = {The title of the work},
  journal = {\aap},
  year    = 1993,
  number  = 2,
  pages   = {201-213},
  month   = 7,
  note    = {An optional note}, 
  volume  = 4,
}

@article{article2,
  author  = {{Author}, Author and {Author}, Author}, 
  title   = {The title of the work},
  journal = {The name of the journal},
  year    = 1993,
  number  = 2,
  pages   = {201-213},
  month   = 7,
  note    = {An optional note}, 
  volume  = 4
}

@article{article6,
  author  = {{Author}, Author and {Author}, Author and {Author}, Author and {Author}, Author and {Author}, Author and {Author}, Author}, 
  title   = {The title of the work},
  journal = {The name of the journal},
  year    = 1993,
  number  = 2,
  pages   = {201-213},
  month   = 7,
  note    = {An optional note}, 
  volume  = 4
}

@book{book,
  author    = {{Author}, Author}, 
  title     = {The title of the work},
  publisher = {Name of the publisher},
  year      = 1993,
  volume    = 4,
  series    = 10,
  address   = {Adress of the publisher},
  edition   = 3,
  month     = 7,
  note      = {An optional note},
  isbn      = {3257227892}
}

@booklet{booklet,
  title        = {The title of the work},
  author       = {Author, Author}, 
  howpublished = {How it was published},
  address      = {The address of the publisher},
  month        = 7,
  year         = 1993,
  note         = {An optional note}
}

@conference{conference,
  author       = {Author, Author}, 
  title        = {The title of the work},
  booktitle    = {The title of the book},
  year         = 1993,
  editor       = {The editor},
  volume       = 4,
  series       = 5,
  pages        = 213,
  address      = {The address of the publisher},
  month        = 7,
  organization = {The organization},
  publisher    = {The publisher},
  note         = {An optional note}  
}

@inbook{inbook,
  author       = {Author, Author}, 
  title        = {The title of the work},
  chapter      = 8,
  pages        = {201-213},
  publisher    = {The name of the publisher},
  year         = 1993,
  volume       = 4,
  series       = 5,
  address      = {The address of the publisher},
  edition      = 3,
  month        = 7,
  note         = {An optional note}
}

@incollection{incollection,
  author       = {Author, Author}, 
  title        = {The title of the work},
  booktitle    = {The title of the book},
  publisher    = {The name of the publisher},
  year         = 1993,
  editor       = {The editor},
  volume       = 4,
  series       = 5,
  chapter      = 8,
  pages        = {201-213},
  address      = {The address of the publisher},
  edition      = 3,
  month        = 7,
  note         = {An optional note}
}
@manual{manual,
  title        = {The title of the work},
  author       = {Author, Author}, 
  organization = {The organization},
  address      = {The address of the publisher},
  edition      = 3,
  month        = 7,
  year         = 1993,
  note         = {An optional note}
}

@mastersthesis{mastersthesis,
  author       = {Author, Author}, 
  title        = {The title of the work},
  school       = {The school of the thesis},
  year         = 1993,
  address      = {The address of the publisher},
  month        = 7,
  note         = {An optional note}
}

@misc{misc,
  author       = {Author, Author}, 
  title        = {The title of the work},
  howpublished = {How it was published},
  month        = 7,
  year         = 1993,
  note         = {An optional note}
}

@phdthesis{phdthesis,
  author       = {Author, Author}, 
  title        = {The title of the work},
  school       = {The school of the thesis},
  year         = 1993,
  address      = {The address of the publisher},
  month        = 7,
  note         = {An optional note}
}

@proceedings{proceedings,
  title        = {The title of the work},
  year         = 1993,
  editor       = {Author, Author},
  volume       = 4,
  series       = 5,
  address      = {The address of the publisher},
  month        = 7,
  organization = {The organization},
  publisher    = {The name of the publisher},
  note         = {An optional note}
}

@techreport{techreport,
  author       = {Author, Author}, 
  title        = {The title of the work},
  institution  = {The institution that published},
  year         = 1993,
  number       = 2,
  address      = {The address of the publisher},
  month        = 7,
  note         = {An optional note}
}

@unpublished{unpublished,
  author       = {Author, Author}, 
  title        = {The title of the work},
  note         = {An optional note},
  month        = 7,
  year         = 1993
}

@ARTICLE{2014MNRAS.440.1027C,
       author = {{Coelho}, P.~R.~T.},
        title = "{A new library of theoretical stellar spectra with scaled-solar and {\ensuremath{\alpha}}-enhanced mixtures}",
      journal = {\mnras},
     keywords = {Astronomical data bases: miscellaneous, stars: atmospheres, stars: fundamental parameters, Astrophysics - Solar and Stellar Astrophysics},
         year = 2014,
        month = may,
       volume = {440},
       number = {2},
        pages = {1027-1043},
          doi = {10.1093/mnras/stu365},
archivePrefix = {arXiv},
       eprint = {1404.3243},
 primaryClass = {astro-ph.SR},
       adsurl = {https://ui.adsabs.harvard.edu/abs/2014MNRAS.440.1027C},
      adsnote = {Provided by the SAO/NASA Astrophysics Data System}
}


@article{shappee_man_2014,
	title = {{THE} {MAN} {BEHIND} {THE} {CURTAIN}: {X}-{RAYS} {DRIVE} {THE} {UV} {THROUGH} {NIR} {VARIABILITY} {IN} {THE} 2013 {ACTIVE} {GALACTIC} {NUCLEUS} {OUTBURST} {IN} {NGC} 2617},
	volume = {788},
	issn = {0004-637X, 1538-4357},
	shorttitle = {{THE} {MAN} {BEHIND} {THE} {CURTAIN}},
	url = {https://iopscience.iop.org/article/10.1088/0004-637X/788/1/48},
	doi = {10.1088/0004-637X/788/1/48},
	abstract = {After the All-Sky Automated Survey for SuperNovae discovered a signiﬁcant brightening of the inner region of NGC 2617, we began a ∼70 day photometric and spectroscopic monitoring campaign from the X-ray through nearinfrared (NIR) wavelengths. We report that NGC 2617 went through a dramatic outburst, during which its X-ray ﬂux increased by over an order of magnitude followed by an increase of its optical/ultraviolet (UV) continuum ﬂux by almost an order of magnitude. NGC 2617, classiﬁed as a Seyfert 1.8 galaxy in 2003, is now a Seyfert 1 due to the appearance of broad optical emission lines and a continuum blue bump. Such “changing look active galactic nuclei (AGNs)” are rare and provide us with important insights about AGN physics. Based on the Hβ line width and the radius–luminosity relation, we estimate the mass of central black hole (BH) to be (4 ± 1) × 107 M . When we cross-correlate the light curves, we ﬁnd that the disk emission lags the X-rays, with the lag becoming longer as we move from the UV (2–3 days) to the NIR (6–9 days). Also, the NIR is more heavily temporally smoothed than the UV. This can largely be explained by a simple model of a thermally emitting thin disk around a BH of the estimated mass that is illuminated by the observed, variable X-ray ﬂuxes.},
	language = {en},
	number = {1},
	urldate = {2023-05-23},
	journal = {ApJ},
	author = {Shappee, B. J. and Prieto, J. L. and Grupe, D. and Kochanek, C. S. and Stanek, K. Z. and De Rosa, G. and Mathur, S. and Zu, Y. and Peterson, B. M. and Pogge, R. W. and Komossa, S. and Im, M. and Jencson, J. and Holoien, T.W-S. and Basu, U. and Beacom, J. F. and Szczygieł, D. M. and Brimacombe, J. and Adams, S. and Campillay, A. and Choi, C. and Contreras, C. and Dietrich, M. and Dubberley, M. and Elphick, M. and Foale, S. and Giustini, M. and Gonzalez, C. and Hawkins, E. and Howell, D. A. and Hsiao, E. Y. and Koss, M. and Leighly, K. M. and Morrell, N. and Mudd, D. and Mullins, D. and Nugent, J. M. and Parrent, J. and Phillips, M. M. and Pojmanski, G. and Rosing, W. and Ross, R. and Sand, D. and Terndrup, D. M. and Valenti, S. and Walker, Z. and Yoon, Y.},
	month = may,
	year = {2014},
	pages = {48},
	file = {Shappee et al. - 2014 - THE MAN BEHIND THE CURTAIN X-RAYS DRIVE THE UV TH.pdf:C\:\\Users\\Hobba\\Zotero\\storage\\E3WRKKNF\\Shappee et al. - 2014 - THE MAN BEHIND THE CURTAIN X-RAYS DRIVE THE UV TH.pdf:application/pdf},
}

@article{kochanek_all-sky_2017,
	title = {The {All}-{Sky} {Automated} {Survey} for {Supernovae} ({ASAS}-{SN}) {Light} {Curve} {Server} v1.0},
	volume = {129},
	issn = {0004-6280, 1538-3873},
	url = {https://iopscience.iop.org/article/10.1088/1538-3873/aa80d9},
	doi = {10.1088/1538-3873/aa80d9},
	abstract = {The All-Sky Automated Survey for Supernovae (ASAS-SN) is working toward imaging the entire visible sky every night to a depth of V {\textasciitilde} 17 mag. The present data covers the sky and spans ∼2–5years with ∼100–400 epochs of observation. The data should contain some ∼1 million variable sources, and the ultimate goal is to have a database of these observations publicly accessible. We describe here a ﬁrst step, a simple but unprecedented web interface https://asas-sn.osu.edu/ that provides an up to date aperture photometry light curve for any user-selected sky coordinate. The V band photometry is obtained using a two-pixel (16 0) radius aperture and is calibrated against the APASS catalog. Because the light curves are produced in real time, this web tool is relatively slow and can only be used for small samples of objects. However, it also imposes no selection bias on the part of the ASASSN team, allowing the user to obtain a light curve for any point on the celestial sphere. We present the tool, describe its capabilities, limitations, and known issues, and provide a few illustrative examples.},
	language = {en},
	number = {980},
	urldate = {2023-05-23},
	journal = {PASP},
	author = {Kochanek, C. S. and Shappee, B. J. and Stanek, K. Z. and Holoien, T. W.-S. and Thompson, Todd A. and Prieto, J. L. and Dong, Subo and Shields, J. V. and Will, D. and Britt, C. and Perzanowski, D. and Pojmański, G.},
	month = oct,
	year = {2017},
	pages = {104502},
	file = {Kochanek et al. - 2017 - The All-Sky Automated Survey for Supernovae (ASAS-.pdf:C\:\\Users\\Hobba\\Zotero\\storage\\4M6Y8ETX\\Kochanek et al. - 2017 - The All-Sky Automated Survey for Supernovae (ASAS-.pdf:application/pdf},
}

@article{chadima_spectral_2011,
	title = {Spectral and photometric analysis of the eclipsing binary ϵ {Aurigae} prior to and during the 2009–2011 eclipse},
	volume = {530},
	copyright = {© ESO, 2011},
	issn = {0004-6361, 1432-0746},
	url = {https://www.aanda.org/articles/aa/abs/2011/06/aa16739-11/aa16739-11.html},
	doi = {10.1051/0004-6361/201116739},
	abstract = {A series of 353 red electronic spectra (from three observatories, mostly from 6300 to 6700 )A obtained between 1994 and 2010, and of 171 {\textless}i{\textgreater}UB{\textless}i/{\textgreater}{\textless}i{\textgreater}V{\textless}i/{\textgreater} photometric observations (from two observatories) of the 2010 eclipse, were analyzed in an effort to better understand {\textless}i{\textgreater}ϵ{\textless}i/{\textgreater} Aur, the well-known, but still enigmatic eclipsing binary with the longest known orbital period ({\textasciitilde}27 yrs). The main results follow. (1) We attempted to recover a spectrum of the companion by disentangling the observed spectra of the {\textless}i{\textgreater}ϵ{\textless}i/{\textgreater} Aurbinary failed, but we were able to disentangle the spectrum of telluric lines and obtain a mean spectrum of the F-type primary star. The latter was then compared to a grid of synthetic spectra for a number of plausible values of {\textless}i{\textgreater}T{\textless}i/{\textgreater}{\textless}sub{\textgreater}eff{\textless}sub/{\textgreater} and log {\textless}i{\textgreater}g{\textless}i/{\textgreater}, but a reasonably good match was not found. However, we conclude that the observed spectrum is that of a low gravity star. (2) We examined changes in the complex H{\textless}i{\textgreater}α{\textless}i/{\textgreater} line profiles over the past 16 years, with particular emphasis on the 2009–2011 eclipse period, by subtracting a mean out-of-eclipse H{\textless}i{\textgreater}α{\textless}i/{\textgreater} profile (appropriately shifted in radial velocity) from the observed spectra. We find that the dark disk around the unseen companion has an extended “atmosphere” that manifests itself via blueshifted and redshifted H{\textless}i{\textgreater}α{\textless}i/{\textgreater} “shell” absorptions seen projected against the F star. Significantly, the H{\textless}i{\textgreater}α{\textless}i/{\textgreater} shell line first appeared {\textless}i{\textgreater}three years before first contact of the optical eclipse {\textless}i/{\textgreater}when the system was not far past maximum separation. (3) Analyses of radial velocities and central intensities of several strong, unblended spectral lines, as well as {\textless}i{\textgreater}UB{\textless}i/{\textgreater}{\textless}i{\textgreater}V{\textless}i/{\textgreater} photometry, demonstrated that these observables showed apparent multiperiodic variability during eclipse. The dominant period of 6621 was common to all the observables, but with different phase shifts between these variables. This result strongly supports our earlier suggestion that the photometric variability seen during eclipse is intrinsic to the F star, and therefore, the idea of a central brightening due to a hole in the disk should be abandoned. Although variability on similar timescales is also seen in the spectrum and in photometry out of eclipse, we were unable to find a coherent periodicity in these data. Nevertheless, theseresults appear to rule out regular stellar pulsations as the cause of this variability.},
	language = {en},
	urldate = {2023-05-23},
	journal = {A\&A},
	author = {Chadima, P. and Harmanec, P. and Bennett, P. D. and Kloppenborg, B. and Stencel, R. and Yang, S. and Božić, H. and Šlechta, M. and Kotková, L. and Wolf, M. and Škoda, P. and Votruba, V. and Hopkins, J. L. and Buil, C. and Sudar, D.},
	month = jun,
	year = {2011},
	note = {Publisher: EDP Sciences},
	pages = {A146},
	file = {Full Text PDF:C\:\\Users\\Hobba\\Zotero\\storage\\TFIIN6CQ\\Chadima et al. - 2011 - Spectral and photometric analysis of the eclipsing.pdf:application/pdf},
}

@misc{paegert_tess_2021,
	title = {{TESS} {Input} {Catalog} versions 8.1 and 8.2: {Phantoms} in the 8.0 {Catalog} and {How} to {Handle} {Them}},
	shorttitle = {{TESS} {Input} {Catalog} versions 8.1 and 8.2},
	url = {http://arxiv.org/abs/2108.04778},
	abstract = {We define various types of "phantom" stars that may appear in the TESS Input Catalog (TIC), and provide examples and lists of currently known cases. We present a methodology that can be used to check for phantoms around any object of interest in the TIC, and we present an approach for correcting the TIC-reported flux contamination factors accordingly. We checked all 2077 TESS Objects of Interest (TOIs) known as of July 21st 2020 (Sectors 1 to 24) and sent corrections for 291 stars to MAST where they are integrated into the publicly available TIC-8, updating it to TIC 8.1. We used the experience gained to construct an all-sky algorithm searching for "phantoms" which led to 34 million updates integrated into TIC 8.2.},
	urldate = {2023-05-23},
	publisher = {arXiv},
	author = {Paegert, Martin and Stassun, Keivan G. and Collins, Karen A. and Pepper, Joshua and Torres, Guillermo and Jenkins, Jon and Twicken, Joseph D. and Latham, David W.},
	month = aug,
	year = {2021},
	note = {arXiv:2108.04778 [astro-ph]},
	keywords = {Astrophysics - Earth and Planetary Astrophysics, Astrophysics - Instrumentation and Methods for Astrophysics},
	annote = {Comment: 11 pages, 8 figures},
	file = {arXiv.org Snapshot:C\:\\Users\\Hobba\\Zotero\\storage\\NUZ289LK\\2108.html:text/html;Full Text PDF:C\:\\Users\\Hobba\\Zotero\\storage\\E9GMX2EI\\Paegert et al. - 2021 - TESS Input Catalog versions 8.1 and 8.2 Phantoms .pdf:application/pdf},
}

@ARTICLE{gaia_collab,
       author = {{Gaia Collaboration} and {Prusti}, T. and {de Bruijne}, J.~H.~J. and {Brown}, A.~G.~A. and {Vallenari}, A. and {Babusiaux}, C. and {Bailer-Jones}, C.~A.~L. and {Bastian}, U. and {Biermann}, M. and {Evans}, D.~W. and {Eyer}, L. and {Jansen}, F. and {Jordi}, C. and {Klioner}, S.~A. and {Lammers}, U. and {Lindegren}, L. and {Luri}, X. and {Mignard}, F. and {Milligan}, D.~J. and {Panem}, C. and {Poinsignon}, V. and {Pourbaix}, D. and {Randich}, S. and {Sarri}, G. and {Sartoretti}, P. and {Siddiqui}, H.~I. and {Soubiran}, C. and {Valette}, V. and {van Leeuwen}, F. and {Walton}, N.~A. and {Aerts}, C. and {Arenou}, F. and {Cropper}, M. and {Drimmel}, R. and {H{\o}g}, E. and {Katz}, D. and {Lattanzi}, M.~G. and {O'Mullane}, W. and {Grebel}, E.~K. and {Holland}, A.~D. and {Huc}, C. and {Passot}, X. and {Bramante}, L. and {Cacciari}, C. and {Casta{\~n}eda}, J. and {Chaoul}, L. and {Cheek}, N. and {De Angeli}, F. and {Fabricius}, C. and {Guerra}, R. and {Hern{\'a}ndez}, J. and {Jean-Antoine-Piccolo}, A. and {Masana}, E. and {Messineo}, R. and {Mowlavi}, N. and {Nienartowicz}, K. and {Ord{\'o}{\~n}ez-Blanco}, D. and {Panuzzo}, P. and {Portell}, J. and {Richards}, P.~J. and {Riello}, M. and {Seabroke}, G.~M. and {Tanga}, P. and {Th{\'e}venin}, F. and {Torra}, J. and {Els}, S.~G. and {Gracia-Abril}, G. and {Comoretto}, G. and {Garcia-Reinaldos}, M. and {Lock}, T. and {Mercier}, E. and {Altmann}, M. and {Andrae}, R. and {Astraatmadja}, T.~L. and {Bellas-Velidis}, I. and {Benson}, K. and {Berthier}, J. and {Blomme}, R. and {Busso}, G. and {Carry}, B. and {Cellino}, A. and {Clementini}, G. and {Cowell}, S. and {Creevey}, O. and {Cuypers}, J. and {Davidson}, M. and {De Ridder}, J. and {de Torres}, A. and {Delchambre}, L. and {Dell'Oro}, A. and {Ducourant}, C. and {Fr{\'e}mat}, Y. and {Garc{\'\i}a-Torres}, M. and {Gosset}, E. and {Halbwachs}, J. -L. and {Hambly}, N.~C. and {Harrison}, D.~L. and {Hauser}, M. and {Hestroffer}, D. and {Hodgkin}, S.~T. and {Huckle}, H.~E. and {Hutton}, A. and {Jasniewicz}, G. and {Jordan}, S. and {Kontizas}, M. and {Korn}, A.~J. and {Lanzafame}, A.~C. and {Manteiga}, M. and {Moitinho}, A. and {Muinonen}, K. and {Osinde}, J. and {Pancino}, E. and {Pauwels}, T. and {Petit}, J. -M. and {Recio-Blanco}, A. and {Robin}, A.~C. and {Sarro}, L.~M. and {Siopis}, C. and {Smith}, M. and {Smith}, K.~W. and {Sozzetti}, A. and {Thuillot}, W. and {van Reeven}, W. and {Viala}, Y. and {Abbas}, U. and {Abreu Aramburu}, A. and {Accart}, S. and {Aguado}, J.~J. and {Allan}, P.~M. and {Allasia}, W. and {Altavilla}, G. and {{\'A}lvarez}, M.~A. and {Alves}, J. and {Anderson}, R.~I. and {Andrei}, A.~H. and {Anglada Varela}, E. and {Antiche}, E. and {Antoja}, T. and {Ant{\'o}n}, S. and {Arcay}, B. and {Atzei}, A. and {Ayache}, L. and {Bach}, N. and {Baker}, S.~G. and {Balaguer-N{\'u}{\~n}ez}, L. and {Barache}, C. and {Barata}, C. and {Barbier}, A. and {Barblan}, F. and {Baroni}, M. and {Barrado y Navascu{\'e}s}, D. and {Barros}, M. and {Barstow}, M.~A. and {Becciani}, U. and {Bellazzini}, M. and {Bellei}, G. and {Bello Garc{\'\i}a}, A. and {Belokurov}, V. and {Bendjoya}, P. and {Berihuete}, A. and {Bianchi}, L. and {Bienaym{\'e}}, O. and {Billebaud}, F. and {Blagorodnova}, N. and {Blanco-Cuaresma}, S. and {Boch}, T. and {Bombrun}, A. and {Borrachero}, R. and {Bouquillon}, S. and {Bourda}, G. and {Bouy}, H. and {Bragaglia}, A. and {Breddels}, M.~A. and {Brouillet}, N. and {Br{\"u}semeister}, T. and {Bucciarelli}, B. and {Budnik}, F. and {Burgess}, P. and {Burgon}, R. and {Burlacu}, A. and {Busonero}, D. and {Buzzi}, R. and {Caffau}, E. and {Cambras}, J. and {Campbell}, H. and {Cancelliere}, R. and {Cantat-Gaudin}, T. and {Carlucci}, T. and {Carrasco}, J.~M. and {Castellani}, M. and {Charlot}, P. and {Charnas}, J. and {Charvet}, P. and {Chassat}, F. and {Chiavassa}, A. and {Clotet}, M. and {Cocozza}, G. and {Collins}, R.~S. and {Collins}, P. and {Costigan}, G. and {Crifo}, F. and {Cross}, N.~J.~G. and {Crosta}, M. and {Crowley}, C. and {Dafonte}, C. and {Damerdji}, Y. and {Dapergolas}, A. and {David}, P. and {David}, M. and {De Cat}, P. and {de Felice}, F. and {de Laverny}, P. and {De Luise}, F. and {De March}, R. and {de Martino}, D. and {de Souza}, R. and {Debosscher}, J. and {del Pozo}, E. and {Delbo}, M. and {Delgado}, A. and {Delgado}, H.~E. and {di Marco}, F. and {Di Matteo}, P. and {Diakite}, S. and {Distefano}, E. and {Dolding}, C. and {Dos Anjos}, S. and {Drazinos}, P. and {Dur{\'a}n}, J. and {Dzigan}, Y. and {Ecale}, E. and {Edvardsson}, B. and {Enke}, H. and {Erdmann}, M. and {Escolar}, D. and {Espina}, M. and {Evans}, N.~W. and {Eynard Bontemps}, G. and {Fabre}, C. and {Fabrizio}, M. and {Faigler}, S. and {Falc{\~a}o}, A.~J. and {Farr{\`a}s Casas}, M. and {Faye}, F. and {Federici}, L. and {Fedorets}, G. and {Fern{\'a}ndez-Hern{\'a}ndez}, J. and {Fernique}, P. and {Fienga}, A. and {Figueras}, F. and {Filippi}, F. and {Findeisen}, K. and {Fonti}, A. and {Fouesneau}, M. and {Fraile}, E. and {Fraser}, M. and {Fuchs}, J. and {Furnell}, R. and {Gai}, M. and {Galleti}, S. and {Galluccio}, L. and {Garabato}, D. and {Garc{\'\i}a-Sedano}, F. and {Gar{\'e}}, P. and {Garofalo}, A. and {Garralda}, N. and {Gavras}, P. and {Gerssen}, J. and {Geyer}, R. and {Gilmore}, G. and {Girona}, S. and {Giuffrida}, G. and {Gomes}, M. and {Gonz{\'a}lez-Marcos}, A. and {Gonz{\'a}lez-N{\'u}{\~n}ez}, J. and {Gonz{\'a}lez-Vidal}, J.~J. and {Granvik}, M. and {Guerrier}, A. and {Guillout}, P. and {Guiraud}, J. and {G{\'u}rpide}, A. and {Guti{\'e}rrez-S{\'a}nchez}, R. and {Guy}, L.~P. and {Haigron}, R. and {Hatzidimitriou}, D. and {Haywood}, M. and {Heiter}, U. and {Helmi}, A. and {Hobbs}, D. and {Hofmann}, W. and {Holl}, B. and {Holland}, G. and {Hunt}, J.~A.~S. and {Hypki}, A. and {Icardi}, V. and {Irwin}, M. and {Jevardat de Fombelle}, G. and {Jofr{\'e}}, P. and {Jonker}, P.~G. and {Jorissen}, A. and {Julbe}, F. and {Karampelas}, A. and {Kochoska}, A. and {Kohley}, R. and {Kolenberg}, K. and {Kontizas}, E. and {Koposov}, S.~E. and {Kordopatis}, G. and {Koubsky}, P. and {Kowalczyk}, A. and {Krone-Martins}, A. and {Kudryashova}, M. and {Kull}, I. and {Bachchan}, R.~K. and {Lacoste-Seris}, F. and {Lanza}, A.~F. and {Lavigne}, J. -B. and {Le Poncin-Lafitte}, C. and {Lebreton}, Y. and {Lebzelter}, T. and {Leccia}, S. and {Leclerc}, N. and {Lecoeur-Taibi}, I. and {Lemaitre}, V. and {Lenhardt}, H. and {Leroux}, F. and {Liao}, S. and {Licata}, E. and {Lindstr{\o}m}, H.~E.~P. and {Lister}, T.~A. and {Livanou}, E. and {Lobel}, A. and {L{\"o}ffler}, W. and {L{\'o}pez}, M. and {Lopez-Lozano}, A. and {Lorenz}, D. and {Loureiro}, T. and {MacDonald}, I. and {Magalh{\~a}es Fernandes}, T. and {Managau}, S. and {Mann}, R.~G. and {Mantelet}, G. and {Marchal}, O. and {Marchant}, J.~M. and {Marconi}, M. and {Marie}, J. and {Marinoni}, S. and {Marrese}, P.~M. and {Marschalk{\'o}}, G. and {Marshall}, D.~J. and {Mart{\'\i}n-Fleitas}, J.~M. and {Martino}, M. and {Mary}, N. and {Matijevi{\v{c}}}, G. and {Mazeh}, T. and {McMillan}, P.~J. and {Messina}, S. and {Mestre}, A. and {Michalik}, D. and {Millar}, N.~R. and {Miranda}, B.~M.~H. and {Molina}, D. and {Molinaro}, R. and {Molinaro}, M. and {Moln{\'a}r}, L. and {Moniez}, M. and {Montegriffo}, P. and {Monteiro}, D. and {Mor}, R. and {Mora}, A. and {Morbidelli}, R. and {Morel}, T. and {Morgenthaler}, S. and {Morley}, T. and {Morris}, D. and {Mulone}, A.~F. and {Muraveva}, T. and {Musella}, I. and {Narbonne}, J. and {Nelemans}, G. and {Nicastro}, L. and {Noval}, L. and {Ord{\'e}novic}, C. and {Ordieres-Mer{\'e}}, J. and {Osborne}, P. and {Pagani}, C. and {Pagano}, I. and {Pailler}, F. and {Palacin}, H. and {Palaversa}, L. and {Parsons}, P. and {Paulsen}, T. and {Pecoraro}, M. and {Pedrosa}, R. and {Pentik{\"a}inen}, H. and {Pereira}, J. and {Pichon}, B. and {Piersimoni}, A.~M. and {Pineau}, F. -X. and {Plachy}, E. and {Plum}, G. and {Poujoulet}, E. and {Pr{\v{s}}a}, A. and {Pulone}, L. and {Ragaini}, S. and {Rago}, S. and {Rambaux}, N. and {Ramos-Lerate}, M. and {Ranalli}, P. and {Rauw}, G. and {Read}, A. and {Regibo}, S. and {Renk}, F. and {Reyl{\'e}}, C. and {Ribeiro}, R.~A. and {Rimoldini}, L. and {Ripepi}, V. and {Riva}, A. and {Rixon}, G. and {Roelens}, M. and {Romero-G{\'o}mez}, M. and {Rowell}, N. and {Royer}, F. and {Rudolph}, A. and {Ruiz-Dern}, L. and {Sadowski}, G. and {Sagrist{\`a} Sell{\'e}s}, T. and {Sahlmann}, J. and {Salgado}, J. and {Salguero}, E. and {Sarasso}, M. and {Savietto}, H. and {Schnorhk}, A. and {Schultheis}, M. and {Sciacca}, E. and {Segol}, M. and {Segovia}, J.~C. and {Segransan}, D. and {Serpell}, E. and {Shih}, I. -C. and {Smareglia}, R. and {Smart}, R.~L. and {Smith}, C. and {Solano}, E. and {Solitro}, F. and {Sordo}, R. and {Soria Nieto}, S. and {Souchay}, J. and {Spagna}, A. and {Spoto}, F. and {Stampa}, U. and {Steele}, I.~A. and {Steidelm{\"u}ller}, H. and {Stephenson}, C.~A. and {Stoev}, H. and {Suess}, F.~F. and {S{\"u}veges}, M. and {Surdej}, J. and {Szabados}, L. and {Szegedi-Elek}, E. and {Tapiador}, D. and {Taris}, F. and {Tauran}, G. and {Taylor}, M.~B. and {Teixeira}, R. and {Terrett}, D. and {Tingley}, B. and {Trager}, S.~C. and {Turon}, C. and {Ulla}, A. and {Utrilla}, E. and {Valentini}, G. and {van Elteren}, A. and {Van Hemelryck}, E. and {van Leeuwen}, M. and {Varadi}, M. and {Vecchiato}, A. and {Veljanoski}, J. and {Via}, T. and {Vicente}, D. and {Vogt}, S. and {Voss}, H. and {Votruba}, V. and {Voutsinas}, S. and {Walmsley}, G. and {Weiler}, M. and {Weingrill}, K. and {Werner}, D. and {Wevers}, T. and {Whitehead}, G. and {Wyrzykowski}, {\L}. and {Yoldas}, A. and {{\v{Z}}erjal}, M. and {Zucker}, S. and {Zurbach}, C. and {Zwitter}, T. and {Alecu}, A. and {Allen}, M. and {Allende Prieto}, C. and {Amorim}, A. and {Anglada-Escud{\'e}}, G. and {Arsenijevic}, V. and {Azaz}, S. and {Balm}, P. and {Beck}, M. and {Bernstein}, H. -H. and {Bigot}, L. and {Bijaoui}, A. and {Blasco}, C. and {Bonfigli}, M. and {Bono}, G. and {Boudreault}, S. and {Bressan}, A. and {Brown}, S. and {Brunet}, P. -M. and {Bunclark}, P. and {Buonanno}, R. and {Butkevich}, A.~G. and {Carret}, C. and {Carrion}, C. and {Chemin}, L. and {Ch{\'e}reau}, F. and {Corcione}, L. and {Darmigny}, E. and {de Boer}, K.~S. and {de Teodoro}, P. and {de Zeeuw}, P.~T. and {Delle Luche}, C. and {Domingues}, C.~D. and {Dubath}, P. and {Fodor}, F. and {Fr{\'e}zouls}, B. and {Fries}, A. and {Fustes}, D. and {Fyfe}, D. and {Gallardo}, E. and {Gallegos}, J. and {Gardiol}, D. and {Gebran}, M. and {Gomboc}, A. and {G{\'o}mez}, A. and {Grux}, E. and {Gueguen}, A. and {Heyrovsky}, A. and {Hoar}, J. and {Iannicola}, G. and {Isasi Parache}, Y. and {Janotto}, A. -M. and {Joliet}, E. and {Jonckheere}, A. and {Keil}, R. and {Kim}, D. -W. and {Klagyivik}, P. and {Klar}, J. and {Knude}, J. and {Kochukhov}, O. and {Kolka}, I. and {Kos}, J. and {Kutka}, A. and {Lainey}, V. and {LeBouquin}, D. and {Liu}, C. and {Loreggia}, D. and {Makarov}, V.~V. and {Marseille}, M.~G. and {Martayan}, C. and {Martinez-Rubi}, O. and {Massart}, B. and {Meynadier}, F. and {Mignot}, S. and {Munari}, U. and {Nguyen}, A. -T. and {Nordlander}, T. and {Ocvirk}, P. and {O'Flaherty}, K.~S. and {Olias Sanz}, A. and {Ortiz}, P. and {Osorio}, J. and {Oszkiewicz}, D. and {Ouzounis}, A. and {Palmer}, M. and {Park}, P. and {Pasquato}, E. and {Peltzer}, C. and {Peralta}, J. and {P{\'e}turaud}, F. and {Pieniluoma}, T. and {Pigozzi}, E. and {Poels}, J. and {Prat}, G. and {Prod'homme}, T. and {Raison}, F. and {Rebordao}, J.~M. and {Risquez}, D. and {Rocca-Volmerange}, B. and {Rosen}, S. and {Ruiz-Fuertes}, M.~I. and {Russo}, F. and {Sembay}, S. and {Serraller Vizcaino}, I. and {Short}, A. and {Siebert}, A. and {Silva}, H. and {Sinachopoulos}, D. and {Slezak}, E. and {Soffel}, M. and {Sosnowska}, D. and {Strai{\v{z}}ys}, V. and {ter Linden}, M. and {Terrell}, D. and {Theil}, S. and {Tiede}, C. and {Troisi}, L. and {Tsalmantza}, P. and {Tur}, D. and {Vaccari}, M. and {Vachier}, F. and {Valles}, P. and {Van Hamme}, W. and {Veltz}, L. and {Virtanen}, J. and {Wallut}, J. -M. and {Wichmann}, R. and {Wilkinson}, M.~I. and {Ziaeepour}, H. and {Zschocke}, S.},
        title = "{The Gaia mission}",
      journal = {\aap},
     keywords = {space vehicles: instruments, Galaxy: structure, astrometry, parallaxes, proper motions, telescopes, Astrophysics - Instrumentation and Methods for Astrophysics},
         year = 2016,
        month = nov,
       volume = {595},
          eid = {A1},
        pages = {A1},
          doi = {10.1051/0004-6361/201629272},
archivePrefix = {arXiv},
       eprint = {1609.04153},
 primaryClass = {astro-ph.IM},
       adsurl = {https://ui.adsabs.harvard.edu/abs/2016A&A...595A...1G},
      adsnote = {Provided by the SAO/NASA Astrophysics Data System}
}

@ARTICLE{gaia_dr3,
       author = {{Gaia Collaboration} and {Vallenari}, A. and {Brown}, A.~G.~A. and {Prusti}, T. and {de Bruijne}, J.~H.~J. and {Arenou}, F. and {Babusiaux}, C. and {Biermann}, M. and {Creevey}, O.~L. and {Ducourant}, C. and {Evans}, D.~W. and {Eyer}, L. and {Guerra}, R. and {Hutton}, A. and {Jordi}, C. and {Klioner}, S.~A. and {Lammers}, U.~L. and {Lindegren}, L. and {Luri}, X. and {Mignard}, F. and {Panem}, C. and {Pourbaix}, D. and {Randich}, S. and {Sartoretti}, P. and {Soubiran}, C. and {Tanga}, P. and {Walton}, N.~A. and {Bailer-Jones}, C.~A.~L. and {Bastian}, U. and {Drimmel}, R. and {Jansen}, F. and {Katz}, D. and {Lattanzi}, M.~G. and {van Leeuwen}, F. and {Bakker}, J. and {Cacciari}, C. and {Casta{\~n}eda}, J. and {De Angeli}, F. and {Fabricius}, C. and {Fouesneau}, M. and {Fr{\'e}mat}, Y. and {Galluccio}, L. and {Guerrier}, A. and {Heiter}, U. and {Masana}, E. and {Messineo}, R. and {Mowlavi}, N. and {Nicolas}, C. and {Nienartowicz}, K. and {Pailler}, F. and {Panuzzo}, P. and {Riclet}, F. and {Roux}, W. and {Seabroke}, G.~M. and {Sordo{\o}rcit}, R. and {Th{\'e}venin}, F. and {Gracia-Abril}, G. and {Portell}, J. and {Teyssier}, D. and {Altmann}, M. and {Andrae}, R. and {Audard}, M. and {Bellas-Velidis}, I. and {Benson}, K. and {Berthier}, J. and {Blomme}, R. and {Burgess}, P.~W. and {Busonero}, D. and {Busso}, G. and {C{\'a}novas}, H. and {Carry}, B. and {Cellino}, A. and {Cheek}, N. and {Clementini}, G. and {Damerdji}, Y. and {Davidson}, M. and {de Teodoro}, P. and {Nu{\~n}ez Campos}, M. and {Delchambre}, L. and {Dell'Oro}, A. and {Esquej}, P. and {Fern{\'a}ndez-Hern{\'a}ndez}, J. and {Fraile}, E. and {Garabato}, D. and {Garc{\'\i}a-Lario}, P. and {Gosset}, E. and {Haigron}, R. and {Halbwachs}, J. -L. and {Hambly}, N.~C. and {Harrison}, D.~L. and {Hern{\'a}ndez}, J. and {Hestroffer}, D. and {Hodgkin}, S.~T. and {Holl}, B. and {Jan{\ss}en}, K. and {Jevardat de Fombelle}, G. and {Jordan}, S. and {Krone-Martins}, A. and {Lanzafame}, A.~C. and {L{\"o}ffler}, W. and {Marchal}, O. and {Marrese}, P.~M. and {Moitinho}, A. and {Muinonen}, K. and {Osborne}, P. and {Pancino}, E. and {Pauwels}, T. and {Recio-Blanco}, A. and {Reyl{\'e}}, C. and {Riello}, M. and {Rimoldini}, L. and {Roegiers}, T. and {Rybizki}, J. and {Sarro}, L.~M. and {Siopis}, C. and {Smith}, M. and {Sozzetti}, A. and {Utrilla}, E. and {van Leeuwen}, M. and {Abbas}, U. and {{\'A}brah{\'a}m}, P. and {Abreu Aramburu}, A. and {Aerts}, C. and {Aguado}, J.~J. and {Ajaj}, M. and {Aldea-Montero}, F. and {Altavilla}, G. and {{\'A}lvarez}, M.~A. and {Alves}, J. and {Anders}, F. and {Anderson}, R.~I. and {Anglada Varela}, E. and {Antoja}, T. and {Baines}, D. and {Baker}, S.~G. and {Balaguer-N{\'u}{\~n}ez}, L. and {Balbinot}, E. and {Balog}, Z. and {Barache}, C. and {Barbato}, D. and {Barros}, M. and {Barstow}, M.~A. and {Bartolom{\'e}}, S. and {Bassilana}, J. -L. and {Bauchet}, N. and {Becciani}, U. and {Bellazzini}, M. and {Berihuete}, A. and {Bernet}, M. and {Bertone}, S. and {Bianchi}, L. and {Binnenfeld}, A. and {Blanco-Cuaresma}, S. and {Blazere}, A. and {Boch}, T. and {Bombrun}, A. and {Bossini}, D. and {Bouquillon}, S. and {Bragaglia}, A. and {Bramante}, L. and {Breedt}, E. and {Bressan}, A. and {Brouillet}, N. and {Brugaletta}, E. and {Bucciarelli}, B. and {Burlacu}, A. and {Butkevich}, A.~G. and {Buzzi}, R. and {Caffau}, E. and {Cancelliere}, R. and {Cantat-Gaudin}, T. and {Carballo}, R. and {Carlucci}, T. and {Carnerero}, M.~I. and {Carrasco}, J.~M. and {Casamiquela}, L. and {Castellani}, M. and {Castro-Ginard}, A. and {Chaoul}, L. and {Charlot}, P. and {Chemin}, L. and {Chiaramida}, V. and {Chiavassa}, A. and {Chornay}, N. and {Comoretto}, G. and {Contursi}, G. and {Cooper}, W.~J. and {Cornez}, T. and {Cowell}, S. and {Crifo}, F. and {Cropper}, M. and {Crosta}, M. and {Crowley}, C. and {Dafonte}, C. and {Dapergolas}, A. and {David}, M. and {David}, P. and {de Laverny}, P. and {De Luise}, F. and {De March}, R. and {De Ridder}, J. and {de Souza}, R. and {de Torres}, A. and {del Peloso}, E.~F. and {del Pozo}, E. and {Delbo}, M. and {Delgado}, A. and {Delisle}, J. -B. and {Demouchy}, C. and {Dharmawardena}, T.~E. and {Di Matteo}, P. and {Diakite}, S. and {Diener}, C. and {Distefano}, E. and {Dolding}, C. and {Edvardsson}, B. and {Enke}, H. and {Fabre}, C. and {Fabrizio}, M. and {Faigler}, S. and {Fedorets}, G. and {Fernique}, P. and {Fienga}, A. and {Figueras}, F. and {Fournier}, Y. and {Fouron}, C. and {Fragkoudi}, F. and {Gai}, M. and {Garcia-Gutierrez}, A. and {Garcia-Reinaldos}, M. and {Garc{\'\i}a-Torres}, M. and {Garofalo}, A. and {Gavel}, A. and {Gavras}, P. and {Gerlach}, E. and {Geyer}, R. and {Giacobbe}, P. and {Gilmore}, G. and {Girona}, S. and {Giuffrida}, G. and {Gomel}, R. and {Gomez}, A. and {Gonz{\'a}lez-N{\'u}{\~n}ez}, J. and {Gonz{\'a}lez-Santamar{\'\i}a}, I. and {Gonz{\'a}lez-Vidal}, J.~J. and {Granvik}, M. and {Guillout}, P. and {Guiraud}, J. and {Guti{\'e}rrez-S{\'a}nchez}, R. and {Guy}, L.~P. and {Hatzidimitriou}, D. and {Hauser}, M. and {Haywood}, M. and {Helmer}, A. and {Helmi}, A. and {Sarmiento}, M.~H. and {Hidalgo}, S.~L. and {Hilger}, T. and {H{\l}adczuk}, N. and {Hobbs}, D. and {Holland}, G. and {Huckle}, H.~E. and {Jardine}, K. and {Jasniewicz}, G. and {Jean-Antoine Piccolo}, A. and {Jim{\'e}nez-Arranz}, {\'O}. and {Jorissen}, A. and {Juaristi Campillo}, J. and {Julbe}, F. and {Karbevska}, L. and {Kervella}, P. and {Khanna}, S. and {Kontizas}, M. and {Kordopatis}, G. and {Korn}, A.~J. and {K{\'o}sp{\'a}l}, {\'A} and {Kostrzewa-Rutkowska}, Z. and {Kruszy{\'n}ska}, K. and {Kun}, M. and {Laizeau}, P. and {Lambert}, S. and {Lanza}, A.~F. and {Lasne}, Y. and {Le Campion}, J. -F. and {Lebreton}, Y. and {Lebzelter}, T. and {Leccia}, S. and {Leclerc}, N. and {Lecoeur-Taibi}, I. and {Liao}, S. and {Licata}, E.~L. and {Lindstr{\o}m}, H.~E.~P. and {Lister}, T.~A. and {Livanou}, E. and {Lobel}, A. and {Lorca}, A. and {Loup}, C. and {Madrero Pardo}, P. and {Magdaleno Romeo}, A. and {Managau}, S. and {Mann}, R.~G. and {Manteiga}, M. and {Marchant}, J.~M. and {Marconi}, M. and {Marcos}, J. and {Marcos Santos}, M.~M.~S. and {Mar{\'\i}n Pina}, D. and {Marinoni}, S. and {Marocco}, F. and {Marshall}, D.~J. and {Polo}, L. Martin and {Mart{\'\i}n-Fleitas}, J.~M. and {Marton}, G. and {Mary}, N. and {Masip}, A. and {Massari}, D. and {Mastrobuono-Battisti}, A. and {Mazeh}, T. and {McMillan}, P.~J. and {Messina}, S. and {Michalik}, D. and {Millar}, N.~R. and {Mints}, A. and {Molina}, D. and {Molinaro}, R. and {Moln{\'a}r}, L. and {Monari}, G. and {Mongui{\'o}}, M. and {Montegriffo}, P. and {Montero}, A. and {Mor}, R. and {Mora}, A. and {Morbidelli}, R. and {Morel}, T. and {Morris}, D. and {Muraveva}, T. and {Murphy}, C.~P. and {Musella}, I. and {Nagy}, Z. and {Noval}, L. and {Oca{\~n}a}, F. and {Ogden}, A. and {Ordenovic}, C. and {Osinde}, J.~O. and {Pagani}, C. and {Pagano}, I. and {Palaversa}, L. and {Palicio}, P.~A. and {Pallas-Quintela}, L. and {Panahi}, A. and {Payne-Wardenaar}, S. and {Pe{\~n}alosa Esteller}, X. and {Penttil{\"a}}, A. and {Pichon}, B. and {Piersimoni}, A.~M. and {Pineau}, F. -X. and {Plachy}, E. and {Plum}, G. and {Poggio}, E. and {Pr{\v{s}}a}, A. and {Pulone}, L. and {Racero}, E. and {Ragaini}, S. and {Rainer}, M. and {Raiteri}, C.~M. and {Rambaux}, N. and {Ramos}, P. and {Ramos-Lerate}, M. and {Re Fiorentin}, P. and {Regibo}, S. and {Richards}, P.~J. and {Rios Diaz}, C. and {Ripepi}, V. and {Riva}, A. and {Rix}, H. -W. and {Rixon}, G. and {Robichon}, N. and {Robin}, A.~C. and {Robin}, C. and {Roelens}, M. and {Rogues}, H.~R.~O. and {Rohrbasser}, L. and {Romero-G{\'o}mez}, M. and {Rowell}, N. and {Royer}, F. and {Ruz Mieres}, D. and {Rybicki}, K.~A. and {Sadowski}, G. and {S{\'a}ez N{\'u}{\~n}ez}, A. and {Sagrist{\`a} Sell{\'e}s}, A. and {Sahlmann}, J. and {Salguero}, E. and {Samaras}, N. and {Sanchez Gimenez}, V. and {Sanna}, N. and {Santove{\~n}a}, R. and {Sarasso}, M. and {Schultheis}, M. and {Sciacca}, E. and {Segol}, M. and {Segovia}, J.~C. and {S{\'e}gransan}, D. and {Semeux}, D. and {Shahaf}, S. and {Siddiqui}, H.~I. and {Siebert}, A. and {Siltala}, L. and {Silvelo}, A. and {Slezak}, E. and {Slezak}, I. and {Smart}, R.~L. and {Snaith}, O.~N. and {Solano}, E. and {Solitro}, F. and {Souami}, D. and {Souchay}, J. and {Spagna}, A. and {Spina}, L. and {Spoto}, F. and {Steele}, I.~A. and {Steidelm{\"u}ller}, H. and {Stephenson}, C.~A. and {S{\"u}veges}, M. and {Surdej}, J. and {Szabados}, L. and {Szegedi-Elek}, E. and {Taris}, F. and {Taylo}, M.~B. and {Teixeira}, R. and {Tolomei}, L. and {Tonello}, N. and {Torra}, F. and {Torra}, J. and {Torralba Elipe}, G. and {Trabucchi}, M. and {Tsounis}, A.~T. and {Turon}, C. and {Ulla}, A. and {Unger}, N. and {Vaillant}, M.~V. and {van Dillen}, E. and {van Reeven}, W. and {Vanel}, O. and {Vecchiato}, A. and {Viala}, Y. and {Vicente}, D. and {Voutsinas}, S. and {Weiler}, M. and {Wevers}, T. and {Wyrzykowski}, L. and {Yoldas}, A. and {Yvard}, P. and {Zhao}, H. and {Zorec}, J. and {Zucker}, S. and {Zwitter}, T.},
        title = "{Gaia Data Release 3: Summary of the content and survey properties}",
      journal = {arXiv e-prints},
     keywords = {Astrophysics - Astrophysics of Galaxies},
         year = 2022,
        month = jul,
          eid = {arXiv:2208.00211},
        pages = {arXiv:2208.00211},
          doi = {10.48550/arXiv.2208.00211},
archivePrefix = {arXiv},
       eprint = {2208.00211},
 primaryClass = {astro-ph.GA},
       adsurl = {https://ui.adsabs.harvard.edu/abs/2022arXiv220800211G},
      adsnote = {Provided by the SAO/NASA Astrophysics Data System}
}

@ARTICLE{gaia_dr2,
       author = {{Gaia Collaboration} and {Brown}, A.~G.~A. and {Vallenari}, A. and {Prusti}, T. and {de Bruijne}, J.~H.~J. and {Babusiaux}, C. and {Bailer-Jones}, C.~A.~L. and {Biermann}, M. and {Evans}, D.~W. and {Eyer}, L. and {Jansen}, F. and {Jordi}, C. and {Klioner}, S.~A. and {Lammers}, U. and {Lindegren}, L. and {Luri}, X. and {Mignard}, F. and {Panem}, C. and {Pourbaix}, D. and {Randich}, S. and {Sartoretti}, P. and {Siddiqui}, H.~I. and {Soubiran}, C. and {van Leeuwen}, F. and {Walton}, N.~A. and {Arenou}, F. and {Bastian}, U. and {Cropper}, M. and {Drimmel}, R. and {Katz}, D. and {Lattanzi}, M.~G. and {Bakker}, J. and {Cacciari}, C. and {Casta{\~n}eda}, J. and {Chaoul}, L. and {Cheek}, N. and {De Angeli}, F. and {Fabricius}, C. and {Guerra}, R. and {Holl}, B. and {Masana}, E. and {Messineo}, R. and {Mowlavi}, N. and {Nienartowicz}, K. and {Panuzzo}, P. and {Portell}, J. and {Riello}, M. and {Seabroke}, G.~M. and {Tanga}, P. and {Th{\'e}venin}, F. and {Gracia-Abril}, G. and {Comoretto}, G. and {Garcia-Reinaldos}, M. and {Teyssier}, D. and {Altmann}, M. and {Andrae}, R. and {Audard}, M. and {Bellas-Velidis}, I. and {Benson}, K. and {Berthier}, J. and {Blomme}, R. and {Burgess}, P. and {Busso}, G. and {Carry}, B. and {Cellino}, A. and {Clementini}, G. and {Clotet}, M. and {Creevey}, O. and {Davidson}, M. and {De Ridder}, J. and {Delchambre}, L. and {Dell'Oro}, A. and {Ducourant}, C. and {Fern{\'a}ndez-Hern{\'a}ndez}, J. and {Fouesneau}, M. and {Fr{\'e}mat}, Y. and {Galluccio}, L. and {Garc{\'\i}a-Torres}, M. and {Gonz{\'a}lez-N{\'u}{\~n}ez}, J. and {Gonz{\'a}lez-Vidal}, J.~J. and {Gosset}, E. and {Guy}, L.~P. and {Halbwachs}, J. -L. and {Hambly}, N.~C. and {Harrison}, D.~L. and {Hern{\'a}ndez}, J. and {Hestroffer}, D. and {Hodgkin}, S.~T. and {Hutton}, A. and {Jasniewicz}, G. and {Jean-Antoine-Piccolo}, A. and {Jordan}, S. and {Korn}, A.~J. and {Krone-Martins}, A. and {Lanzafame}, A.~C. and {Lebzelter}, T. and {L{\"o}ffler}, W. and {Manteiga}, M. and {Marrese}, P.~M. and {Mart{\'\i}n-Fleitas}, J.~M. and {Moitinho}, A. and {Mora}, A. and {Muinonen}, K. and {Osinde}, J. and {Pancino}, E. and {Pauwels}, T. and {Petit}, J. -M. and {Recio-Blanco}, A. and {Richards}, P.~J. and {Rimoldini}, L. and {Robin}, A.~C. and {Sarro}, L.~M. and {Siopis}, C. and {Smith}, M. and {Sozzetti}, A. and {S{\"u}veges}, M. and {Torra}, J. and {van Reeven}, W. and {Abbas}, U. and {Abreu Aramburu}, A. and {Accart}, S. and {Aerts}, C. and {Altavilla}, G. and {{\'A}lvarez}, M.~A. and {Alvarez}, R. and {Alves}, J. and {Anderson}, R.~I. and {Andrei}, A.~H. and {Anglada Varela}, E. and {Antiche}, E. and {Antoja}, T. and {Arcay}, B. and {Astraatmadja}, T.~L. and {Bach}, N. and {Baker}, S.~G. and {Balaguer-N{\'u}{\~n}ez}, L. and {Balm}, P. and {Barache}, C. and {Barata}, C. and {Barbato}, D. and {Barblan}, F. and {Barklem}, P.~S. and {Barrado}, D. and {Barros}, M. and {Barstow}, M.~A. and {Bartholom{\'e} Mu{\~n}oz}, S. and {Bassilana}, J. -L. and {Becciani}, U. and {Bellazzini}, M. and {Berihuete}, A. and {Bertone}, S. and {Bianchi}, L. and {Bienaym{\'e}}, O. and {Blanco-Cuaresma}, S. and {Boch}, T. and {Boeche}, C. and {Bombrun}, A. and {Borrachero}, R. and {Bossini}, D. and {Bouquillon}, S. and {Bourda}, G. and {Bragaglia}, A. and {Bramante}, L. and {Breddels}, M.~A. and {Bressan}, A. and {Brouillet}, N. and {Br{\"u}semeister}, T. and {Brugaletta}, E. and {Bucciarelli}, B. and {Burlacu}, A. and {Busonero}, D. and {Butkevich}, A.~G. and {Buzzi}, R. and {Caffau}, E. and {Cancelliere}, R. and {Cannizzaro}, G. and {Cantat-Gaudin}, T. and {Carballo}, R. and {Carlucci}, T. and {Carrasco}, J.~M. and {Casamiquela}, L. and {Castellani}, M. and {Castro-Ginard}, A. and {Charlot}, P. and {Chemin}, L. and {Chiavassa}, A. and {Cocozza}, G. and {Costigan}, G. and {Cowell}, S. and {Crifo}, F. and {Crosta}, M. and {Crowley}, C. and {Cuypers}, J. and {Dafonte}, C. and {Damerdji}, Y. and {Dapergolas}, A. and {David}, P. and {David}, M. and {de Laverny}, P. and {De Luise}, F. and {De March}, R. and {de Martino}, D. and {de Souza}, R. and {de Torres}, A. and {Debosscher}, J. and {del Pozo}, E. and {Delbo}, M. and {Delgado}, A. and {Delgado}, H.~E. and {Di Matteo}, P. and {Diakite}, S. and {Diener}, C. and {Distefano}, E. and {Dolding}, C. and {Drazinos}, P. and {Dur{\'a}n}, J. and {Edvardsson}, B. and {Enke}, H. and {Eriksson}, K. and {Esquej}, P. and {Eynard Bontemps}, G. and {Fabre}, C. and {Fabrizio}, M. and {Faigler}, S. and {Falc{\~a}o}, A.~J. and {Farr{\`a}s Casas}, M. and {Federici}, L. and {Fedorets}, G. and {Fernique}, P. and {Figueras}, F. and {Filippi}, F. and {Findeisen}, K. and {Fonti}, A. and {Fraile}, E. and {Fraser}, M. and {Fr{\'e}zouls}, B. and {Gai}, M. and {Galleti}, S. and {Garabato}, D. and {Garc{\'\i}a-Sedano}, F. and {Garofalo}, A. and {Garralda}, N. and {Gavel}, A. and {Gavras}, P. and {Gerssen}, J. and {Geyer}, R. and {Giacobbe}, P. and {Gilmore}, G. and {Girona}, S. and {Giuffrida}, G. and {Glass}, F. and {Gomes}, M. and {Granvik}, M. and {Gueguen}, A. and {Guerrier}, A. and {Guiraud}, J. and {Guti{\'e}rrez-S{\'a}nchez}, R. and {Haigron}, R. and {Hatzidimitriou}, D. and {Hauser}, M. and {Haywood}, M. and {Heiter}, U. and {Helmi}, A. and {Heu}, J. and {Hilger}, T. and {Hobbs}, D. and {Hofmann}, W. and {Holland}, G. and {Huckle}, H.~E. and {Hypki}, A. and {Icardi}, V. and {Jan{\ss}en}, K. and {Jevardat de Fombelle}, G. and {Jonker}, P.~G. and {Juh{\'a}sz}, {\'A}. L. and {Julbe}, F. and {Karampelas}, A. and {Kewley}, A. and {Klar}, J. and {Kochoska}, A. and {Kohley}, R. and {Kolenberg}, K. and {Kontizas}, M. and {Kontizas}, E. and {Koposov}, S.~E. and {Kordopatis}, G. and {Kostrzewa-Rutkowska}, Z. and {Koubsky}, P. and {Lambert}, S. and {Lanza}, A.~F. and {Lasne}, Y. and {Lavigne}, J. -B. and {Le Fustec}, Y. and {Le Poncin-Lafitte}, C. and {Lebreton}, Y. and {Leccia}, S. and {Leclerc}, N. and {Lecoeur-Taibi}, I. and {Lenhardt}, H. and {Leroux}, F. and {Liao}, S. and {Licata}, E. and {Lindstr{\o}m}, H.~E.~P. and {Lister}, T.~A. and {Livanou}, E. and {Lobel}, A. and {L{\'o}pez}, M. and {Managau}, S. and {Mann}, R.~G. and {Mantelet}, G. and {Marchal}, O. and {Marchant}, J.~M. and {Marconi}, M. and {Marinoni}, S. and {Marschalk{\'o}}, G. and {Marshall}, D.~J. and {Martino}, M. and {Marton}, G. and {Mary}, N. and {Massari}, D. and {Matijevi{\v{c}}}, G. and {Mazeh}, T. and {McMillan}, P.~J. and {Messina}, S. and {Michalik}, D. and {Millar}, N.~R. and {Molina}, D. and {Molinaro}, R. and {Moln{\'a}r}, L. and {Montegriffo}, P. and {Mor}, R. and {Morbidelli}, R. and {Morel}, T. and {Morris}, D. and {Mulone}, A.~F. and {Muraveva}, T. and {Musella}, I. and {Nelemans}, G. and {Nicastro}, L. and {Noval}, L. and {O'Mullane}, W. and {Ord{\'e}novic}, C. and {Ord{\'o}{\~n}ez-Blanco}, D. and {Osborne}, P. and {Pagani}, C. and {Pagano}, I. and {Pailler}, F. and {Palacin}, H. and {Palaversa}, L. and {Panahi}, A. and {Pawlak}, M. and {Piersimoni}, A.~M. and {Pineau}, F. -X. and {Plachy}, E. and {Plum}, G. and {Poggio}, E. and {Poujoulet}, E. and {Pr{\v{s}}a}, A. and {Pulone}, L. and {Racero}, E. and {Ragaini}, S. and {Rambaux}, N. and {Ramos-Lerate}, M. and {Regibo}, S. and {Reyl{\'e}}, C. and {Riclet}, F. and {Ripepi}, V. and {Riva}, A. and {Rivard}, A. and {Rixon}, G. and {Roegiers}, T. and {Roelens}, M. and {Romero-G{\'o}mez}, M. and {Rowell}, N. and {Royer}, F. and {Ruiz-Dern}, L. and {Sadowski}, G. and {Sagrist{\`a} Sell{\'e}s}, T. and {Sahlmann}, J. and {Salgado}, J. and {Salguero}, E. and {Sanna}, N. and {Santana-Ros}, T. and {Sarasso}, M. and {Savietto}, H. and {Schultheis}, M. and {Sciacca}, E. and {Segol}, M. and {Segovia}, J.~C. and {S{\'e}gransan}, D. and {Shih}, I. -C. and {Siltala}, L. and {Silva}, A.~F. and {Smart}, R.~L. and {Smith}, K.~W. and {Solano}, E. and {Solitro}, F. and {Sordo}, R. and {Soria Nieto}, S. and {Souchay}, J. and {Spagna}, A. and {Spoto}, F. and {Stampa}, U. and {Steele}, I.~A. and {Steidelm{\"u}ller}, H. and {Stephenson}, C.~A. and {Stoev}, H. and {Suess}, F.~F. and {Surdej}, J. and {Szabados}, L. and {Szegedi-Elek}, E. and {Tapiador}, D. and {Taris}, F. and {Tauran}, G. and {Taylor}, M.~B. and {Teixeira}, R. and {Terrett}, D. and {Teyssandier}, P. and {Thuillot}, W. and {Titarenko}, A. and {Torra Clotet}, F. and {Turon}, C. and {Ulla}, A. and {Utrilla}, E. and {Uzzi}, S. and {Vaillant}, M. and {Valentini}, G. and {Valette}, V. and {van Elteren}, A. and {Van Hemelryck}, E. and {van Leeuwen}, M. and {Vaschetto}, M. and {Vecchiato}, A. and {Veljanoski}, J. and {Viala}, Y. and {Vicente}, D. and {Vogt}, S. and {von Essen}, C. and {Voss}, H. and {Votruba}, V. and {Voutsinas}, S. and {Walmsley}, G. and {Weiler}, M. and {Wertz}, O. and {Wevers}, T. and {Wyrzykowski}, {\L}. and {Yoldas}, A. and {{\v{Z}}erjal}, M. and {Ziaeepour}, H. and {Zorec}, J. and {Zschocke}, S. and {Zucker}, S. and {Zurbach}, C. and {Zwitter}, T.},
        title = "{Gaia Data Release 2. Summary of the contents and survey properties}",
      journal = {\aap},
     keywords = {catalogs, astrometry, techniques: radial velocities, stars: fundamental parameters, stars: variables: general, minor planets, asteroids: general, Astrophysics - Astrophysics of Galaxies, Astrophysics - Instrumentation and Methods for Astrophysics},
         year = 2018,
        month = aug,
       volume = {616},
          eid = {A1},
        pages = {A1},
          doi = {10.1051/0004-6361/201833051},
archivePrefix = {arXiv},
       eprint = {1804.09365},
 primaryClass = {astro-ph.GA},
       adsurl = {https://ui.adsabs.harvard.edu/abs/2018A&A...616A...1G},
      adsnote = {Provided by the SAO/NASA Astrophysics Data System}
}

@inproceedings{seabold2010statsmodels,
  title={statsmodels: Econometric and statistical modeling with python},
  author={Seabold, Skipper and Perktold, Josef},
  booktitle={9th Python in Science Conference},
  year={2010},
}

@ARTICLE{2011A&A...529A..75C,
       author = {{Claret}, A. and {Bloemen}, S.},
        title = "{Gravity and limb-darkening coefficients for the Kepler, CoRoT, Spitzer, uvby, UBVRIJHK, and Sloan photometric systems}",
      journal = {\aap},
     keywords = {binaries: eclipsing, stars: interiors, stars: rotation, stars: atmospheres, planetary systems},
         year = 2011,
        month = may,
       volume = {529},
          eid = {A75},
        pages = {A75},
          doi = {10.1051/0004-6361/201116451},
       adsurl = {https://ui.adsabs.harvard.edu/abs/2011A&A...529A..75C},
      adsnote = {Provided by the SAO/NASA Astrophysics Data System}
}

@misc{exo3,
    author = {Kenworthy, M.A.},
    year = 2015, 
    Title = {Exorings}, 
    booktitle = {Astrophysics Source Code Library}, 
    note = {record ascl:1501.012}
}

@article{Kenworthy_2015,
doi = {10.1088/0004-637X/800/2/126},
url = {https://dx.doi.org/10.1088/0004-637X/800/2/126},
year = {2015},
month = {feb},
publisher = {The American Astronomical Society},
volume = {800},
number = {2},
pages = {126},
author = {M. A. Kenworthy and E. E. Mamajek},
title = {MODELING GIANT EXTRASOLAR RING SYSTEMS IN ECLIPSE AND THE CASE OF J1407B: SCULPTING BY EXOMOONS?},
journal = {The Astrophysical Journal},
abstract = {asdf}
}

@ARTICLE{Sing10,
       author = {{Sing}, D.~K.},
        title = "{Stellar limb-darkening coefficients for CoRot and Kepler}",
      journal = {\aap},
     keywords = {stars: atmospheres, planetary systems, binaries: eclipsing, Astrophysics - Earth and Planetary Astrophysics, Astrophysics - Solar and Stellar Astrophysics},
         year = 2010,
        month = feb,
       volume = {510},
          eid = {A21},
        pages = {A21},
          doi = {10.1051/0004-6361/200913675},
archivePrefix = {arXiv},
       eprint = {0912.2274},
 primaryClass = {astro-ph.EP},
       adsurl = {https://ui.adsabs.harvard.edu/abs/2010A&A...510A..21S},
      adsnote = {Provided by the SAO/NASA Astrophysics Data System}
}



@Article{Hunter:2007,
  Author    = {Hunter, J. D.},
  Title     = {Matplotlib: A 2D graphics environment},
  Journal   = {Computing in Science \& Engineering},
  Volume    = {9},
  Number    = {3},
  Pages     = {90--95},
  abstract  = {Matplotlib is a 2D graphics package used for Python for
  application development, interactive scripting, and publication-quality
  image generation across user interfaces and operating systems.},
  publisher = {IEEE COMPUTER SOC},
  doi       = {10.5281/zenodo.5773480},
  year      = 2007
}

@ARTICLE{emcee,
       author = {{Foreman-Mackey}, Daniel and {Hogg}, David W. and {Lang}, Dustin and {Goodman}, Jonathan},
        title = "{emcee: The MCMC Hammer}",
      journal = {\pasp},
     keywords = {Astrophysics - Instrumentation and Methods for Astrophysics, Physics - Computational Physics, Statistics - Computation},
         year = 2013,
        month = mar,
       volume = {125},
       number = {925},
        pages = {306},
          doi = {10.1086/670067},
archivePrefix = {arXiv},
       eprint = {1202.3665},
 primaryClass = {astro-ph.IM},
       adsurl = {https://ui.adsabs.harvard.edu/abs/2013PASP..125..306F},
      adsnote = {Provided by the SAO/NASA Astrophysics Data System}
}

@ARTICLE{1970Bimka..57...97H,
       author = {{Hastings}, W.~K.},
        title = "{Monte Carlo Sampling Methods using Markov Chains and their Applications}",
      journal = {Biometrika},
         year = 1970,
        month = apr,
       volume = {57},
       number = {1},
        pages = {97-109},
          doi = {10.1093/biomet/57.1.97},
       adsurl = {https://ui.adsabs.harvard.edu/abs/1970Bimka..57...97H},
      adsnote = {Provided by the SAO/NASA Astrophysics Data System}
}

@ARTICLE{2010CAMCS...5...65G,
       author = {{Goodman}, Jonathan and {Weare}, Jonathan},
        title = "{Ensemble samplers with affine invariance}",
      journal = {Communications in Applied Mathematics and Computational Science},
     keywords = {Markov chain Monte Carlo, affine invariance, ensemble samplers},
         year = 2010,
        month = jan,
       volume = {5},
       number = {1},
        pages = {65-80},
          doi = {10.2140/camcos.2010.5.65},
       adsurl = {https://ui.adsabs.harvard.edu/abs/2010CAMCS...5...65G},
      adsnote = {Provided by the SAO/NASA Astrophysics Data System}
}

@ARTICLE{1944ApJ....99...54C,
       author = {{Chandrasekhar}, S.},
        title = "{On the Stability of Binary Systems.}",
      journal = {\apj},
         year = 1944,
        month = jan,
       volume = {99},
        pages = {54},
          doi = {10.1086/144589},
       adsurl = {https://ui.adsabs.harvard.edu/abs/1944ApJ....99...54C},
      adsnote = {Provided by the SAO/NASA Astrophysics Data System}
}

@ARTICLE{1937AZh....14..207A,
       author = {{Ambartsumian}, V.~A.},
        title = "{On the Statistics of Double Stars}",
      journal = {\azh},
         year = 1937,
        month = jan,
       volume = {14},
        pages = {207-219},
       adsurl = {https://ui.adsabs.harvard.edu/abs/1937AZh....14..207A},
      adsnote = {Provided by the SAO/NASA Astrophysics Data System}
}

@ARTICLE{2014Natur.508...72B,
       author = {{Braga-Ribas}, F. and {Sicardy}, B. and {Ortiz}, J.~L. and {Snodgrass}, C. and {Roques}, F. and {Vieira-Martins}, R. and {Camargo}, J.~I.~B. and {Assafin}, M. and {Duffard}, R. and {Jehin}, E. and {Pollock}, J. and {Leiva}, R. and {Emilio}, M. and {Machado}, D.~I. and {Colazo}, C. and {Lellouch}, E. and {Skottfelt}, J. and {Gillon}, M. and {Ligier}, N. and {Maquet}, L. and {Benedetti-Rossi}, G. and {Gomes}, A. Ramos and {Kervella}, P. and {Monteiro}, H. and {Sfair}, R. and {El Moutamid}, M. and {Tancredi}, G. and {Spagnotto}, J. and {Maury}, A. and {Morales}, N. and {Gil-Hutton}, R. and {Roland}, S. and {Ceretta}, A. and {Gu}, S. -H. and {Wang}, X. -B. and {Harps{\o}e}, K. and {Rabus}, M. and {Manfroid}, J. and {Opitom}, C. and {Vanzi}, L. and {Mehret}, L. and {Lorenzini}, L. and {Schneiter}, E.~M. and {Melia}, R. and {Lecacheux}, J. and {Colas}, F. and {Vachier}, F. and {Widemann}, T. and {Almenares}, L. and {Sandness}, R.~G. and {Char}, F. and {Perez}, V. and {Lemos}, P. and {Martinez}, N. and {J{\o}rgensen}, U.~G. and {Dominik}, M. and {Roig}, F. and {Reichart}, D.~E. and {Lacluyze}, A.~P. and {Haislip}, J.~B. and {Ivarsen}, K.~M. and {Moore}, J.~P. and {Frank}, N.~R. and {Lambas}, D.~G.},
        title = "{A ring system detected around the Centaur (10199) Chariklo}",
      journal = {\nat},
     keywords = {Astrophysics - Earth and Planetary Astrophysics},
         year = 2014,
        month = apr,
       volume = {508},
       number = {7494},
        pages = {72-75},
          doi = {10.1038/nature13155},
archivePrefix = {arXiv},
       eprint = {1409.7259},
 primaryClass = {astro-ph.EP},
       adsurl = {https://ui.adsabs.harvard.edu/abs/2014Natur.508...72B},
      adsnote = {Provided by the SAO/NASA Astrophysics Data System}
}

@ARTICLE{2017AJ....154..159L,
       author = {{Leiva}, R. and {Sicardy}, B. and {Camargo}, J.~I.~B. and {Ortiz}, J. -L. and {Desmars}, J. and {B{\'e}rard}, D. and {Lellouch}, E. and {Meza}, E. and {Kervella}, P. and {Snodgrass}, C. and {Duffard}, R. and {Morales}, N. and {Gomes-J{\'u}nior}, A.~R. and {Benedetti-Rossi}, G. and {Vieira-Martins}, R. and {Braga-Ribas}, F. and {Assafin}, M. and {Morgado}, B.~E. and {Colas}, F. and {De Witt}, C. and {Sickafoose}, A.~A. and {Breytenbach}, H. and {Dauvergne}, J. -L. and {Schoenau}, P. and {Maquet}, L. and {Bath}, K. -L. and {Bode}, H. -J. and {Cool}, A. and {Lade}, B. and {Kerr}, S. and {Herald}, D.},
        title = "{Size and Shape of Chariklo from Multi-epoch Stellar Occultations}",
      journal = {\aj},
     keywords = {methods: statistical, minor planets, asteroids: individual: Chariklo, occultations, planets and satellites: rings, Astrophysics - Earth and Planetary Astrophysics},
         year = 2017,
        month = oct,
       volume = {154},
       number = {4},
          eid = {159},
        pages = {159},
          doi = {10.3847/1538-3881/aa8956},
archivePrefix = {arXiv},
       eprint = {1708.08934},
 primaryClass = {astro-ph.EP},
       adsurl = {https://ui.adsabs.harvard.edu/abs/2017AJ....154..159L},
      adsnote = {Provided by the SAO/NASA Astrophysics Data System}
}

@ARTICLE{1991ApJ...367..278C,
       author = {{Carroll}, Sean M. and {Guinan}, Edward F. and {McCook}, George P. and {Donahue}, Robert A.},
        title = "{Interpreting Epsilon Aurigae}",
      journal = {\apj},
     keywords = {Auriga Constellation, Cool Stars, Eclipsing Binary Stars, Light Curve, Stellar Mass Accretion, Supergiant Stars, Astronomical Photometry, Mass Transfer, Milky Way Galaxy, Stellar Atmospheres, Astrophysics},
         year = 1991,
        month = jan,
       volume = {367},
        pages = {278},
          doi = {10.1086/169626},
       adsurl = {https://ui.adsabs.harvard.edu/abs/1991ApJ...367..278C},
      adsnote = {Provided by the SAO/NASA Astrophysics Data System}
}

@ARTICLE{1965ApJ...141..976H,
       author = {{Huang}, Su-Shu},
        title = "{An Interpretation of {\ensuremath{\in}} Aurigae.}",
      journal = {\apj},
         year = 1965,
        month = apr,
       volume = {141},
        pages = {976},
          doi = {10.1086/148191},
       adsurl = {https://ui.adsabs.harvard.edu/abs/1965ApJ...141..976H},
      adsnote = {Provided by the SAO/NASA Astrophysics Data System}
}

@ARTICLE{1971ApJ...170..529W,
       author = {{Wilson}, Robert E.},
        title = "{A Model of Epsilon Aurigae}",
      journal = {\apj},
         year = 1971,
        month = dec,
       volume = {170},
        pages = {529},
          doi = {10.1086/151237},
       adsurl = {https://ui.adsabs.harvard.edu/abs/1971ApJ...170..529W},
      adsnote = {Provided by the SAO/NASA Astrophysics Data System}
}

@ARTICLE{2015MNRAS.446..411K,
       author = {{Kenworthy}, M.~A. and {Lacour}, S. and {Kraus}, A. and {Triaud}, A.~H.~M.~J. and {Mamajek}, E.~E. and {Scott}, E.~L. and {S{\'e}gransan}, D. and {Ireland}, M. and {Hambsch}, F. -J. and {Reichart}, D.~E. and {Haislip}, J.~B. and {LaCluyze}, A.~P. and {Moore}, J.~P. and {Frank}, N.~R.},
        title = "{Mass and period limits on the ringed companion transiting the young star J1407}",
      journal = {\mnras},
     keywords = {planets and satellites: formation, planets and satellites: rings, binaries: eclipsing, stars: individual: 1SWASP J140747.93-394542.6 (ASAS J140748-3945.7), planetary systems, Astrophysics - Solar and Stellar Astrophysics},
         year = 2015,
        month = jan,
       volume = {446},
       number = {1},
        pages = {411-427},
          doi = {10.1093/mnras/stu2067},
archivePrefix = {arXiv},
       eprint = {1410.6577},
 primaryClass = {astro-ph.SR},
       adsurl = {https://ui.adsabs.harvard.edu/abs/2015MNRAS.446..411K},
      adsnote = {Provided by the SAO/NASA Astrophysics Data System}
}

@ARTICLE{2012AJ....143...72M,
       author = {{Mamajek}, Eric E. and {Quillen}, Alice C. and {Pecaut}, Mark J. and {Moolekamp}, Fred and {Scott}, Erin L. and {Kenworthy}, Matthew A. and {Collier Cameron}, Andrew and {Parley}, Neil R.},
        title = "{Planetary Construction Zones in Occultation: Discovery of an Extrasolar Ring System Transiting a Young Sun-like Star and Future Prospects for Detecting Eclipses by Circumsecondary and Circumplanetary Disks}",
      journal = {\aj},
     keywords = {binaries: eclipsing, planetary systems, planets and satellites: formation, planets and satellites: rings, stars: individual: 1SWASP J140747.93{\textendash}394542.6 ASAS J140748{\textendash}3945.7, stars: pre-main sequence, Astrophysics - Solar and Stellar Astrophysics, Astrophysics - Earth and Planetary Astrophysics},
         year = 2012,
        month = mar,
       volume = {143},
       number = {3},
          eid = {72},
        pages = {72},
          doi = {10.1088/0004-6256/143/3/72},
archivePrefix = {arXiv},
       eprint = {1108.4070},
 primaryClass = {astro-ph.SR},
       adsurl = {https://ui.adsabs.harvard.edu/abs/2012AJ....143...72M},
      adsnote = {Provided by the SAO/NASA Astrophysics Data System}
}

@ARTICLE{2021ApJ...916L..11Z,
       author = {{Zhang}, Zhoujian and {Liu}, Michael C. and {Claytor}, Zachary R. and {Best}, William M.~J. and {Dupuy}, Trent J. and {Siverd}, Robert J.},
        title = "{The Second Discovery from the COCONUTS Program: A Cold Wide-orbit Exoplanet around a Young Field M Dwarf at 10.9 pc}",
      journal = {\apjl},
     keywords = {Exoplanets, T dwarfs, Extrasolar gaseous giant planets, 498, 1679, 509, Astrophysics - Earth and Planetary Astrophysics, Astrophysics - Solar and Stellar Astrophysics},
         year = 2021,
        month = aug,
       volume = {916},
       number = {2},
          eid = {L11},
        pages = {L11},
          doi = {10.3847/2041-8213/ac1123},
archivePrefix = {arXiv},
       eprint = {2107.02805},
 primaryClass = {astro-ph.EP},
       adsurl = {https://ui.adsabs.harvard.edu/abs/2021ApJ...916L..11Z},
      adsnote = {Provided by the SAO/NASA Astrophysics Data System}
}

@ARTICLE{2022yCat.1358....0G,
       author = {{Gaia Collaboration}},
        title = "{VizieR Online Data Catalog: Gaia DR3 Part 4. Variability (Gaia Collaboration, 2022)}",
      journal = {VizieR Online Data Catalog},
     keywords = {Gaia},
         year = 2022,
        month = may,
          eid = {I/358},
        pages = {I/358},
       adsurl = {https://ui.adsabs.harvard.edu/abs/2022yCat.1358....0G},
      adsnote = {Provided by the SAO/NASA Astrophysics Data System}
}

@ARTICLE{2023arXiv230612409T,
       author = {{Tzanidakis}, Anastasios and {Davenport}, James R.~A. and {Bellm}, Eric C. and {Wang}, Yuankun},
        title = "{Discovery of Gaia17bpp, a Giant Star with the Deepest and Longest Known Dimming Event}",
      journal = {arXiv e-prints},
     keywords = {Astrophysics - Solar and Stellar Astrophysics, Astrophysics - Astrophysics of Galaxies},
         year = 2023,
        month = jun,
          eid = {arXiv:2306.12409},
        pages = {arXiv:2306.12409},
          doi = {10.48550/arXiv.2306.12409},
archivePrefix = {arXiv},
       eprint = {2306.12409},
 primaryClass = {astro-ph.SR},
       adsurl = {https://ui.adsabs.harvard.edu/abs/2023arXiv230612409T},
      adsnote = {Provided by the SAO/NASA Astrophysics Data System}
}

@ARTICLE{2023MNRAS.524L..72R,
       author = {{Raymond}, Sean N. and {Izidoro}, Andre and {Kaib}, Nathan A.},
        title = "{Oort cloud (exo)planets}",
      journal = {\mnras},
     keywords = {Oort Cloud, planets and satellites: detection, planets and satellites: dynamical evolution and stability, Astrophysics - Earth and Planetary Astrophysics, Astrophysics - Astrophysics of Galaxies, Astrophysics - Solar and Stellar Astrophysics, Physics - Space Physics},
         year = 2023,
        month = sep,
       volume = {524},
       number = {1},
        pages = {L72-L77},
          doi = {10.1093/mnrasl/slad079},
archivePrefix = {arXiv},
       eprint = {2306.11109},
 primaryClass = {astro-ph.EP},
       adsurl = {https://ui.adsabs.harvard.edu/abs/2023MNRAS.524L..72R},
      adsnote = {Provided by the SAO/NASA Astrophysics Data System}
}

@ARTICLE{1996JAVSO..24..129W,
       author = {{Wilk}, Stephen R.},
        title = "{Mythological Evidence for Ancient Observations of Variable Stars}",
      journal = {\jaavso},
     keywords = {Variable Stars, Variable Star History},
         year = 1996,
        month = jan,
       volume = {24},
       number = {2},
        pages = {129-133},
       adsurl = {https://ui.adsabs.harvard.edu/abs/1996JAVSO..24..129W},
      adsnote = {Provided by the SAO/NASA Astrophysics Data System}
}

@ARTICLE{1997JAVSO..25..115H,
       author = {{Hoffleit}, Dorrit},
        title = "{History of the Discovery of Mira Stars}",
      journal = {\jaavso},
     keywords = {Variable Stars, Mira Variables, Mira},
         year = 1997,
        month = jan,
       volume = {25},
       number = {2},
        pages = {115-136},
       adsurl = {https://ui.adsabs.harvard.edu/abs/1997JAVSO..25..115H},
      adsnote = {Provided by the SAO/NASA Astrophysics Data System}
}

@ARTICLE{2016ApJS..227....6V,
       author = {{Vogt}, N. and {Contreras-Quijada}, A. and {Fuentes-Morales}, I. and {Vogt-Geisse}, S. and {Arcos}, C. and {Abarca}, C. and {Agurto-Gangas}, C. and {Caviedes}, M. and {DaSilva}, H. and {Flores}, J. and {Gotta}, V. and {Pe{\~n}aloza}, F. and {Rojas}, K. and {Villase{\~n}or}, J.~I.},
        title = "{Determination of Pulsation Periods and Other Parameters of 2875 Stars Classified as MIRA in the All Sky Automated Survey (ASAS)}",
      journal = {\apjs},
     keywords = {methods: data analysis, stars: late-type, stars: variable: general, Astrophysics - Solar and Stellar Astrophysics},
         year = 2016,
        month = nov,
       volume = {227},
       number = {1},
          eid = {6},
        pages = {6},
          doi = {10.3847/0067-0049/227/1/6},
archivePrefix = {arXiv},
       eprint = {1609.05246},
 primaryClass = {astro-ph.SR},
       adsurl = {https://ui.adsabs.harvard.edu/abs/2016ApJS..227....6V},
      adsnote = {Provided by the SAO/NASA Astrophysics Data System}
}

@ARTICLE{1997AcA....47..467P,
       author = {{Pojmanski}, G.},
        title = "{The All Sky Automated Survey}",
      journal = {\actaa},
     keywords = {SURVEYS, TELESCOPES, TECHNIQUES: PHOTOMETRIC, Astrophysics},
         year = 1997,
        month = oct,
       volume = {47},
        pages = {467-481},
          doi = {10.48550/arXiv.astro-ph/9712146},
archivePrefix = {arXiv},
       eprint = {astro-ph/9712146},
 primaryClass = {astro-ph},
       adsurl = {https://ui.adsabs.harvard.edu/abs/1997AcA....47..467P},
      adsnote = {Provided by the SAO/NASA Astrophysics Data System}
}

@ARTICLE{1900ApJ....12..254C,
       author = {{Campbell}, W.~W. and {Wright}, W.~H.},
        title = "{A list of nine stars whose velocities in the line of sight are variable.}",
      journal = {\apj},
         year = 1900,
        month = nov,
       volume = {12},
        pages = {254-257},
          doi = {10.1086/140765},
       adsurl = {https://ui.adsabs.harvard.edu/abs/1900ApJ....12..254C},
      adsnote = {Provided by the SAO/NASA Astrophysics Data System}
}

@ARTICLE{1935PASP...47..231C,
       author = {{Colacevich}, A.},
        title = "{On the Variable Radial Velocity of {\ensuremath{\delta}} Scuti}",
      journal = {\pasp},
         year = 1935,
        month = aug,
       volume = {47},
       number = {278},
        pages = {231},
          doi = {10.1086/124599},
       adsurl = {https://ui.adsabs.harvard.edu/abs/1935PASP...47..231C},
      adsnote = {Provided by the SAO/NASA Astrophysics Data System}
}

@ARTICLE{1786RSPT...76...48G,
       author = {{Goodricke}, John},
        title = "{A Series of Observations on, and a Discovery of, the Period of the Variation of the Light of the Star Marked {\ensuremath{\delta}} by Bayer, Near the Head of Cepheus. In a Letter from John Goodricke, Esq. to Nevil Maskelyne, D. D. F. R. S. and Astronomer Royal}",
      journal = {Philosophical Transactions of the Royal Society of London Series I},
         year = 1786,
        month = jan,
       volume = {76},
        pages = {48-61},
       adsurl = {https://ui.adsabs.harvard.edu/abs/1786RSPT...76...48G},
      adsnote = {Provided by the SAO/NASA Astrophysics Data System}
}

@ARTICLE{1908AnHar..60...87L,
       author = {{Leavitt}, Henrietta S.},
        title = "{1777 variables in the Magellanic Clouds}",
      journal = {Annals of Harvard College Observatory},
         year = 1908,
        month = jan,
       volume = {60},
        pages = {87-108.3},
       adsurl = {https://ui.adsabs.harvard.edu/abs/1908AnHar..60...87L},
      adsnote = {Provided by the SAO/NASA Astrophysics Data System}
}

@ARTICLE{1912HarCi.173....1L,
       author = {{Leavitt}, Henrietta S. and {Pickering}, Edward C.},
        title = "{Periods of 25 Variable Stars in the Small Magellanic Cloud.}",
      journal = {Harvard College Observatory Circular},
         year = 1912,
        month = mar,
       volume = {173},
        pages = {1-3},
       adsurl = {https://ui.adsabs.harvard.edu/abs/1912HarCi.173....1L},
      adsnote = {Provided by the SAO/NASA Astrophysics Data System}
}

@ARTICLE{2015JATIS...1a4003R,
       author = {{Ricker}, George R. and {Winn}, Joshua N. and {Vanderspek}, Roland and {Latham}, David W. and {Bakos}, G{\'a}sp{\'a}r {\'A}. and {Bean}, Jacob L. and {Berta-Thompson}, Zachory K. and {Brown}, Timothy M. and {Buchhave}, Lars and {Butler}, Nathaniel R. and {Butler}, R. Paul and {Chaplin}, William J. and {Charbonneau}, David and {Christensen-Dalsgaard}, J{\o}rgen and {Clampin}, Mark and {Deming}, Drake and {Doty}, John and {De Lee}, Nathan and {Dressing}, Courtney and {Dunham}, Edward W. and {Endl}, Michael and {Fressin}, Francois and {Ge}, Jian and {Henning}, Thomas and {Holman}, Matthew J. and {Howard}, Andrew W. and {Ida}, Shigeru and {Jenkins}, Jon M. and {Jernigan}, Garrett and {Johnson}, John Asher and {Kaltenegger}, Lisa and {Kawai}, Nobuyuki and {Kjeldsen}, Hans and {Laughlin}, Gregory and {Levine}, Alan M. and {Lin}, Douglas and {Lissauer}, Jack J. and {MacQueen}, Phillip and {Marcy}, Geoffrey and {McCullough}, Peter R. and {Morton}, Timothy D. and {Narita}, Norio and {Paegert}, Martin and {Palle}, Enric and {Pepe}, Francesco and {Pepper}, Joshua and {Quirrenbach}, Andreas and {Rinehart}, Stephen A. and {Sasselov}, Dimitar and {Sato}, Bun'ei and {Seager}, Sara and {Sozzetti}, Alessandro and {Stassun}, Keivan G. and {Sullivan}, Peter and {Szentgyorgyi}, Andrew and {Torres}, Guillermo and {Udry}, Stephane and {Villasenor}, Joel},
        title = "{Transiting Exoplanet Survey Satellite (TESS)}",
      journal = {Journal of Astronomical Telescopes, Instruments, and Systems},
         year = 2015,
        month = jan,
       volume = {1},
          eid = {014003},
        pages = {014003},
          doi = {10.1117/1.JATIS.1.1.014003},
       adsurl = {https://ui.adsabs.harvard.edu/abs/2015JATIS...1a4003R},
      adsnote = {Provided by the SAO/NASA Astrophysics Data System}
}

@ARTICLE{2008AcA....58...69U,
       author = {{Udalski}, A. and {Szymanski}, M.~K. and {Soszynski}, I. and {Poleski}, R.},
        title = "{The Optical Gravitational Lensing Experiment. Final Reductions of the OGLE-III Data}",
      journal = {\actaa},
     keywords = {Surveys, Techniques: image processing, Techniques: photometric, Astrophysics},
         year = 2008,
        month = jun,
       volume = {58},
        pages = {69-87},
          doi = {10.48550/arXiv.0807.3884},
archivePrefix = {arXiv},
       eprint = {0807.3884},
 primaryClass = {astro-ph},
       adsurl = {https://ui.adsabs.harvard.edu/abs/2008AcA....58...69U},
      adsnote = {Provided by the SAO/NASA Astrophysics Data System}
}

@INPROCEEDINGS{2020ASPC..527..351R,
       author = {{Rodriguez}, D.~R.},
        title = "{The Exo.MAST Portal: An Exoplanet Focused View into MAST Data}",
    booktitle = {Astronomical Data Analysis Software and Systems XXIX},
         year = 2020,
       editor = {{Pizzo}, R. and {Deul}, E.~R. and {Mol}, J.~D. and {de Plaa}, J. and {Verkouter}, H.},
       series = {Astronomical Society of the Pacific Conference Series},
       volume = {527},
        month = jan,
        pages = {351},
       adsurl = {https://ui.adsabs.harvard.edu/abs/2020ASPC..527..351R},
      adsnote = {Provided by the SAO/NASA Astrophysics Data System}
}

@article{sodor2014MOSTLA,
  title={MOST light-curve analysis of the $\gamma$ Doradus pulsator HR 8799, showing resonances and amplitude variations},
  author={'A. s'odor and A. N. Chen'e and Peter De Cat and Zs. Bogn'ar and Duncan J. Wright and Christian Marois and G. A. H. Walker and Jaymie M. Matthews and Thomas Kallinger and Jason F. Rowe and Rainer Kuschnig and David B. Guenther and Anthony F. J. Moffat and Slavek M. Rucinski and Dimitar D. Sasselov and Werner W. Weiss},
  journal={Astronomy and Astrophysics},
  year={2014},
  volume={568}

}@ARTICLE{1971A&AS....3..253S,
       author = {{Stock}, J. and {Tapia}, S.},
        title = "{Photometric observations of SX Phoenicis}",
      journal = {\aaps},
         year = 1971,
        month = apr,
       volume = {3},
       number = {4},
        pages = {253},
       adsurl = {https://ui.adsabs.harvard.edu/abs/1971A&AS....3..253S},
      adsnote = {Provided by the SAO/NASA Astrophysics Data System}
}

@BOOK{2000asqu.book.....C,
       author = {{Cox}, Arthur N.},
        title = "{Allen's astrophysical quantities}",
         year = 2000,
        publisher= "AIP Press, Springer",
       adsurl = {https://ui.adsabs.harvard.edu/abs/2000asqu.book.....C},
      adsnote = {Provided by the SAO/NASA Astrophysics Data System}
}

@ARTICLE{2013AcA....63..115P,
       author = {{Pietrukowicz}, P. and {Mr{\'o}z}, P. and {Soszy{\'n}ski}, I. and {Udalski}, A. and {Poleski}, R. and {Szyma{\'n}ski}, M.~K. and {Kubiak}, M. and {Pietrzy{\'n}ski}, G. and {Wyrzykowski}, {\L}. and {Ulaczyk}, K. and {Koz{\l}owski}, S. and {Skowron}, J.},
        title = "{Eclipsing Binary Stars in the OGLE-III Galactic Disk Fields}",
      journal = {\actaa},
     keywords = {Galaxy: disk, binaries: eclipsing, variables: general, starspots, Astrophysics - Galaxy Astrophysics, Astrophysics - Solar and Stellar Astrophysics},
         year = 2013,
        month = jun,
       volume = {63},
       number = {2},
        pages = {115-133},
          doi = {10.48550/arXiv.1306.6324},
archivePrefix = {arXiv},
       eprint = {1306.6324},
 primaryClass = {astro-ph.GA},
       adsurl = {https://ui.adsabs.harvard.edu/abs/2013AcA....63..115P},
      adsnote = {Provided by the SAO/NASA Astrophysics Data System}
}

@ARTICLE{2014MNRAS.441.2845V,
       author = {{van Werkhoven}, T.~I.~M. and {Kenworthy}, M.~A. and {Mamajek}, E.~E.},
        title = "{Analysis of 1SWASP J140747.93-394542.6 eclipse fine-structure: hints of exomoons}",
      journal = {\mnras},
     keywords = {planets and satellites: formation, planets and satellites: rings, binaries: eclipsing, planetary systems, stars: individual: 1SWASP J140747.93-394542.6 (ASAS J140748-3945.7)},
         year = 2014,
        month = jul,
       volume = {441},
       number = {4},
        pages = {2845-2854},
          doi = {10.1093/mnras/stu725},
       adsurl = {https://ui.adsabs.harvard.edu/abs/2014MNRAS.441.2845V},
      adsnote = {Provided by the SAO/NASA Astrophysics Data System}
}

@ARTICLE{2016A&A...596A...9R,
       author = {{Rieder}, Steven and {Kenworthy}, Matthew A.},
        title = "{Constraints on the size and dynamics of the J1407b ring system}",
      journal = {\aap},
     keywords = {planets and satellites: dynamical evolution and stability - planets and satellites: rings, Astrophysics - Earth and Planetary Astrophysics},
         year = 2016,
        month = nov,
       volume = {596},
          eid = {A9},
        pages = {A9},
          doi = {10.1051/0004-6361/201629567},
archivePrefix = {arXiv},
       eprint = {1609.08485},
 primaryClass = {astro-ph.EP},
       adsurl = {https://ui.adsabs.harvard.edu/abs/2016A&A...596A...9R},
      adsnote = {Provided by the SAO/NASA Astrophysics Data System}
}

@ARTICLE{2000A&AS..143...23O,
       author = {{Ochsenbein}, F. and {Bauer}, P. and {Marcout}, J.},
        title = "{The VizieR database of astronomical catalogues}",
      journal = {\aaps},
     keywords = {ASTRONOMICAL DATA BASES: MISCELLANEOUS, CATALOGS, Astrophysics},
         year = 2000,
        month = apr,
       volume = {143},
        pages = {23-32},
          doi = {10.1051/aas:2000169},
archivePrefix = {arXiv},
       eprint = {astro-ph/0002122},
 primaryClass = {astro-ph},
       adsurl = {https://ui.adsabs.harvard.edu/abs/2000A&AS..143...23O},
      adsnote = {Provided by the SAO/NASA Astrophysics Data System}
}

@article{sikora_mobster_2019,
	title = {{MOBSTER} – {II}. {Identification} of rotationally variable {A} stars observed with {TESS} in sectors 1–4},
	volume = {487},
	copyright = {https://academic.oup.com/journals/pages/open\_access/funder\_policies/chorus/standard\_publication\_model},
	issn = {0035-8711, 1365-2966},
	url = {https://academic.oup.com/mnras/article/487/4/4695/5521217},
	doi = {10.1093/mnras/stz1581},
	abstract = {Recently, high-precision optical 2-min cadence light curves obtained with TESS for targets located in the mission’s deﬁned ﬁrst four sectors have been released. The majority of these highcadence and high-precision measurements currently span ∼28 d, thereby allowing periodic variability occurring on time-scales 14 d to potentially be detected. Magnetic chemically peculiar (mCP) A-type stars are well known to exhibit rotationally modulated photometric variability that is produced by inhomogeneous chemical abundance distributions in their atmospheres. While mCP stars typically exhibit rotation periods that are signiﬁcantly longer than those of non-mCP stars, both populations exhibit typical periods 10 d; therefore, the early TESS releases are suitable for searching for rotational modulation of the light curves of both mCP and non-mCP stars. We present the results of our search for A-type stars that exhibit variability in their TESS light curves that is consistent with rotational modulation based on the ﬁrst two data releases obtained from sectors 1 to 4. Our search yielded 134 high-probability candidate rotational variables – 60 of which have not been previously reported. Approximately half of these stars are identiﬁed in the literature as Ap (mCP) stars. Comparisons between the subsample of high-probability candidate rotationally variable Ap stars and the subsample of stars that are not identiﬁed as Ap reveal that the latter subsample exhibits statistically (i) shorter rotation periods and (ii) signiﬁcantly lower photometric amplitudes.},
	language = {en},
	number = {4},
	urldate = {2024-05-28},
	journal = {Monthly Notices of the Royal Astronomical Society},
	author = {Sikora, J and David-Uraz, A and Chowdhury, S and Bowman, D M and Wade, G A and Khalack, V and Kobzar, O and Kochukhov, O and Neiner, C and Paunzen, E},
	month = aug,
	year = {2019},
	pages = {4695--4710},
	file = {Sikora et al. - 2019 - MOBSTER – II. Identification of rotationally varia.pdf:C\:\\Users\\Hobba\\Zotero\\storage\\WSTWNDE2\\Sikora et al. - 2019 - MOBSTER – II. Identification of rotationally varia.pdf:application/pdf},
}

@article{balona_activity_2013,
	title = {Activity in {A}-type stars},
	volume = {431},
	issn = {1365-2966, 0035-8711},
	url = {http://academic.oup.com/mnras/article/431/3/2240/1071258/Activity-in-Atype-stars},
	doi = {10.1093/mnras/stt322},
	abstract = {Two years of Kepler data are used to investigate low-frequency variations in A-type stars. In about 875 (40 per cent) A-type stars, the periodogram shows a simple peak and its harmonic. If we assume that the photometric period is the period of rotation, we can derive the equatorial rotational velocity from a suitable radius estimate. It turns out that the distribution of equatorial velocities derived in this way is similar to the distribution of equatorial velocities of A-type main-sequence stars in the general ﬁeld derived from spectroscopic line broadening, verifying our initial assumption. We suggest that the light variation is due to rotational modulation caused by starspots or some other corotating structure. In many stars the rotation peak in the periodogram has a characteristic shape which is not understood. The light amplitudes are highly variable. We deduce from the amplitude distribution that the sizes of starspots in A-type stars are similar to the largest sunspots. From the widths of the peaks in the periodogram we deduce that differential rotation in these stars is similar to that in the Sun. We ﬁnd that the period–colour relationship used for gyrochronology in late-type stars extends to early F-type and probably late A-type stars as well. Flares in A-type stars have been recently detected. We add 13 additional A-type ﬂare stars to this sample, which means that about 1.5 per cent of A-type stars in the Kepler ﬁeld show ﬂares. We conclude that A-type stars are active and, like cooler stars, have starspots and ﬂares.},
	language = {en},
	number = {3},
	urldate = {2024-05-28},
	journal = {Monthly Notices of the Royal Astronomical Society},
	author = {Balona, L. A.},
	month = may,
	year = {2013},
	pages = {2240--2252},
	file = {Balona - 2013 - Activity in A-type stars.pdf:C\:\\Users\\Hobba\\Zotero\\storage\\KLETZWQP\\Balona - 2013 - Activity in A-type stars.pdf:application/pdf},
}

@article{balona_starspots_2017,
	title = {Starspots on {A} stars},
	volume = {467},
	issn = {0035-8711, 1365-2966},
	url = {https://academic.oup.com/mnras/article/2966026/Starspots},
	doi = {10.1093/mnras/stx265},
	abstract = {Rotation modulation of Kepler light curves in mid-A to late-B stars is shown to be present. This is demonstrated by the high correlation of projected rotational velocities with photometric frequencies in 30 stars. The time-frequency diagrams show stochastic variations in all respects similar to those in spotted cool stars. This disposes of any explanation in terms of binary proximity effects. More than half of the sample of stars with effective temperatures in the range of 8300–12 000 K show rotational modulation, indicating that starspots are the rule rather than the exception among A stars. The periodograms of a subset of these stars show a characteristic pattern in which a broad peak is ﬂanked by a sharp peak at a slightly higher frequency. It is demonstrated that the sharp peak has the same width as the spectral window, indicating a stable period over the duration of the 4-yr Kepler observations. It is speculated that this might be a signature of a reﬂection effect in a non-transiting planet. These observations suggest that the presence of localized magnetic ﬁelds in A and B stars and that current views of radiative stellar envelopes need to be revised.},
	language = {en},
	number = {2},
	urldate = {2024-05-28},
	journal = {Monthly Notices of the Royal Astronomical Society},
	author = {Balona, L. A.},
	month = may,
	year = {2017},
	pages = {1830--1837},
	file = {Balona - 2017 - Starspots on A stars.pdf:C\:\\Users\\Hobba\\Zotero\\storage\\KSY3UZJT\\Balona - 2017 - Starspots on A stars.pdf:application/pdf},
}

@article{balona_rotational_2016,
	title = {Rotational modulation in {B} stars observed by the \textit{{Kepler}} {K2} mission},
	volume = {457},
	issn = {0035-8711, 1365-2966},
	url = {https://academic.oup.com/mnras/article-lookup/doi/10.1093/mnras/stw244},
	doi = {10.1093/mnras/stw244},
	abstract = {A recent analysis indicates that the number of rotational variables among B stars in the Kepler ﬁeld is as high as among the A stars (about 40 per cent). We continue this investigation by studying the incidence of rotational modulation among B stars using the K2 data. These data include many early B stars which are lacking in the original Kepler ﬁeld. The results indicate that rotational modulation is as common among B stars as it is among A stars. The K2 data show that 30–50 per cent of B stars (both early and late type) appear to be rotational variables, depending on which criteria are used. It appears that a large fraction of B stars have spots or other co-rotational feature, implying the possible presence of a magnetic ﬁeld. Rotational modulation needs to be taken into account in any future interpretation of light and spectroscopic variations in B stars.},
	language = {en},
	number = {4},
	urldate = {2024-05-28},
	journal = {Mon. Not. R. Astron. Soc.},
	author = {Balona, L. A.},
	month = apr,
	year = {2016},
	pages = {3724--3731},
	file = {Balona - 2016 - Rotational modulation in B stars observed by the .pdf:C\:\\Users\\Hobba\\Zotero\\storage\\TCKL242M\\Balona - 2016 - Rotational modulation in B stars observed by the .pdf:application/pdf},
}
